@book{Rom06,
    author = {Joseph Romm},
    title = {Hell and High Water: The Global Warming Solution},
    year = 2006,
    publisher = {Harper Collins},
    address = {New York}
}

@incollection{GuoBha07,
    author = {Jessica Y.~Guo and Chandra R.~Bhat},
    title = {Population Synthesis for Microsimulating Travel Behavior},
    year = 2007,
    booktitle = {Transportation Research Record: Journal of the
        Transportation Research Board, No. 2014},
    publisher = {Transportation Research Board of the National Academies},
    address = {Washington, D.C.},
    pages = {92--101}
}




@article{martinez2017assessing,
  title={Assessing the impacts of deploying a shared self-driving urban mobility system: an agent-based model applied to the city of Lisbon, Portugal},
  author={Martinez, Luis M and Viegas, Jos{\'e} Manuel},
  journal={International Journal of Transportation Science and Technology},
  year={2017},
  publisher={Elsevier}
}


@inproceedings{marczuk2015autonomous,
  title={Autonomous mobility on demand in SimMobility: Case study of the central business district in Singapore},
  author={Marczuk, Katarzyna Anna and Hong, Harold Soh Soon and Azevedo, Carlos Miguel Lima and Adnan, Muhammad and Pendleton, Scott Drew and Frazzoli, Emilio and others},
  booktitle={Cybernetics and Intelligent Systems (CIS) and IEEE Conference on Robotics, Automation and Mechatronics (RAM), 2015 IEEE 7th International Conference on},
  pages={167--172},
  year={2015},
  organization={IEEE}
}


@incollection{spieser2014toward,
  title={Toward a systematic approach to the design and evaluation of automated mobility-on-demand systems: A case study in Singapore},
  author={Spieser, Kevin and Treleaven, Kyle and Zhang, Rick and Frazzoli, Emilio and Morton, Daniel and Pavone, Marco},
  booktitle={Road Vehicle Automation},
  pages={229--245},
  year={2014},
  publisher={Springer}
}


@article{fagnant2015dynamic,
  title={Dynamic ride-sharing and fleet sizing for a system of shared autonomous vehicles in Austin, Texas},
  author={Fagnant, Daniel J and Kockelman, Kara M},
  journal={Transportation, Under review},
  year={2015}
}


@inproceedings{zachariah2014uncongested,
  title={Uncongested Mobility for All: A Proposal for an Area Wide Autonomous Taxi System in New Jersey},
  author={Zachariah, Jaison and Gao, Jingkang and Kornhauser, Alain and Mufti, Talal},
  booktitle={Transportation Research Board 93rd Annual Meeting},
  number={14-2373},
  year={2014}
}


@article{boesch2016autonomous,
  title={Autonomous vehicle fleet sizes required to serve different levels of demand},
  author={Boesch, Patrick M and Ciari, Francesco and Axhausen, Kay W},
  journal={Transportation Research Record: Journal of the Transportation Research Board},
  number={2542},
  pages={111--119},
  year={2016},
  publisher={Transportation Research Board of the National Academies}
}

@article{bischoff2016simulation,
  title={Simulation of city-wide replacement of private cars with autonomous taxis in Berlin},
  author={Bischoff, Joschka and Maciejewski, Michal},
  journal={Procedia computer science},
  volume={83},
  pages={237--244},
  year={2016},
  publisher={Elsevier}
}

@article{meyer2017autonomous,
  title={Autonomous vehicles: The next jump in accessibilities?},
  author={Meyer, Jonas and Becker, Henrik and B{\"o}sch, Patrick M and Axhausen, Kay W},
  journal={Research in Transportation Economics},
  year={2017},
  publisher={Elsevier}
}


@article{AREexterneKosten,
  title={Calculation of the external costs of the road and rail based transport in Switzerland.},
  author={A.Bader, C.Hurzeler},
  journal={Swiss federal office for spatial development.},
  year={2012},
  publisher={Swiss federal office for spatial development.}
}

@article{BFSVerkehrsvolumen,
  title={Key figures of passenger transportation services in Switzerland.},
  author={},
  journal={Swiss federal office for spatial development.},
  year={2016},
  publisher={Swiss federal office for spatial development.}
}




@inproceedings{ruch2014rule,
  title={Rule-based price control for bike sharing systems},
  author={Ruch, Claudio and Warrington, Joseph and Morari, Manfred},
  booktitle={Control Conference (ECC), 2014 European},
  pages={708--713},
  year={2014},
  organization={IEEE}
}


@inproceedings{treleaven2011asymptotically,
  title={An asymptotically optimal algorithm for pickup and delivery problems},
  author={Treleaven, Kyle and Pavone, Marco and Frazzoli, Emilio},
  booktitle={Decision and Control and European Control Conference (CDC-ECC), 2011 50th IEEE Conference on},
  pages={584--590},
  year={2011},
  organization={IEEE}
}

@article{ruschendorf1985wasserstein,
  title={The Wasserstein distance and approximation theorems},
  author={R{\"u}schendorf, Ludger},
  journal={Probability Theory and Related Fields},
  volume={70},
  number={1},
  pages={117--129},
  year={1985},
  publisher={Springer}
}


@inproceedings{agarwal2004near,
  title={A near-linear constant-factor approximation for euclidean bipartite matching?},
  author={Agarwal, Pankaj and Varadarajan, Kasturi},
  booktitle={Proceedings of the twentieth annual symposium on Computational geometry},
  pages={247--252},
  year={2004},
  organization={ACM}
}


@article{pavone2011load,
  title={Load balancing for mobility-on-demand systems},
  author={Pavone, Marco and Smith, Stephen L and Rus, Emilio Frazzoli Daniela},
  year={2011}
}


@article{ivtbaseline,
  title={The IVT 2015 baseline scenario},
  author={B{\"o}sch, Patrick M. and M{\"u}ller, Kirill and Ciari, Francesco},
  journal={16th Swiss Transport Research Conference},
  year={2016}
}

@article{microcensus,
  title={Microcensus on mobility and transport 2010},
  author={{Federal Statistical Office}},
  year={2012}
}

@article{horl_abmtrans17,
  title={Agent-based simulation of autonomous taxi services with dynamic demand responses},
  author={H{\"o}rl, Sebastian},
  journal={Procedia Computer Science},
  volume={109},
  pages={899--904},
  year={2017}
}

@article{cost_paper,
  title={Cost-based analysis of autonomous mobility services},
  author={B{\"o}sch, Patrick M. and Becker, Felix and Becker, Henrik},
  journal={Arbeitsberichte Verkehrs- und Raumplanung},
  volume={1225},
  organization={IVT, ETH Z{\"u}rich},
  address = {Z{\"u}rich},
  year={2017}
}
