@ARTICLE{Axhausen_EnvPlannB_2008,
  AUTHOR = {Axhausen, Kay Werner},
  TITLE = {Social Networks, Mobility Biographies, and Travel: Survey Challenges},
  JOURNAL = {Environment and Planning B},
  YEAR  = {2008},
  volume = {35},
  number = {6},
  pages = {981--996},
}

@ARTICLE{BeigeAxhausen_Transportation_2012,
  AUTHOR = {Beige, Sigrun and Axhausen, Kay Werner},
  TITLE = {Interdependencies between turning points in life and long-term mobility decisions},
  JOURNAL  = {Transportation},
  YEAR  = {2012},
  volume = {39},
  number = {4},
  pages = {857--872},
}

@ARTICLE{BjornerLethPetersen_NOT_2007,
  TITLE={A dynamic random effects multinomial logit model of household car ownership},
  AUTHOR ={Bue Bj{\o}rner, Thomas and Leth-Petersen, S{\o}ren},
  JOURNAL ={National{\o}konomisk tidsskrift},
  YEAR ={2007}
  volume={145},
  number={1},
  pages={83--100},
}

@ARTICLE{BjornerLethPetersen_IJTE_2005,
  TITLE={Dynamic models of car ownership at the household level},
  AUTHOR ={Bj{\o}rner, Thomas Bue and Leth-Petersen, S{\o}ren},
  YEAR ={2005},
  JOURNAL ={International Journal of Transport Economics},
  pages={57--75},
}

@ARTICLE{CappellariJenkins_STATA_2006,
  TITLE={Calculation of multivariate normal probabilities by simulation, with applications to maximum simulated likelihood estimation},
  AUTHOR ={Cappellari, Lorenzo and Jenkins, Stephen P.},
  JOURNAL ={The Stata Journal},
  YEAR ={2006},
  volume={6},
  number={2},
  pages={156--189},
}

@ARTICLE{Dargay_TransResA_2001,
  TITLE={The effect of income on car ownership: evidence of asymmetry},
  AUTHOR ={Dargay, Joyce M.},
  JOURNAL ={Transportation Research Part A: Policy and Practice},
  YEAR ={2001},
  volume={35},
  number={9},
  pages={807--821},
}

@ARTICLE{GaoEtAl_arXiv_2014,
  TITLE={Estimation for Dynamic and Static Panel Probit Models with Large Individual Effects},
  AUTHOR ={Gao, Wei and Bergsma, Wicher and Yao, Qiwei},
  JOURNAL ={arXiv preprint arXiv:1409.7776},
  YEAR ={2014},
}

@ARTICLE{Heckman_MIT_1981,
  TITLE={The Incidental Parameters Problem and the Problem of Initial Conditions in Estimating a Discrete Time-Discrete Data Stochastic Process.},
  AUTHOR ={Heckman, James J},
  JOURNAL ={The MIT Press},
  YEAR ={1981},
}

@ARTICLE{LiesenfeldEtAl_SSRN_2007,
  TITLE={Dynamic Panel Probit Models for Current Account Reversals and Their Efficient Estimation},
  AUTHOR={Liesenfeld, Roman and valle Moura, Guilherme and Richard, Jean-Francois},
  JOURNAL ={SSRN Working Paper Series},
  YEAR={2007},
}

@ARTICLE{MueggenburgEtAl_JTG_2015,
	AUTHOR = {M{\"u}ggenburg, Hannah and Busch-Geertsema, Annika  and Lanzendorf, Martin},
	TITLE = {Mobility biographies: A review of achievements and challenges of the mobility biographies approach and a framework for further research },
	JOURNAL  = {Journal of Transport Geography},
	YEAR  = {2015},
	volume = {46},
	pages = {151--163},
}

@ARTICLE{Nolan_TransResA_2010,
  TITLE={A dynamic analysis of household car ownership},
  AUTHOR ={Nolan, Anne},
  JOURNAL ={Transportation Research Part A: Policy and Practice},
  YEAR ={2010},
  volume={44},
  number={6},
  pages={446--455},

}

@ARTICLE{Plum_Stata_2014,
  TITLE={Simulated multivariate random effects probit models for unbalanced panels},
  AUTHOR ={Plum, Alexander and others},
  JOURNAL ={The Stata Journal},
  YEAR ={2014},
  volume={14},
  number={2},
  pages={259--279},
}

@ARTICLE{Prillwitz_TRR_2006,
  TITLE={Impact of life-course events on car ownership},
  AUTHOR ={Prillwitz, Jan and Harms, Sylvia and Lanzendorf, Martin},
  JOURNAL ={Transportation Research Record},
  YEAR ={2006},
  number={1985},
  pages={71--77},

}

@ARTICLE{RichardZhang_JoE_2007,
  TITLE={Efficient high-dimensional importance sampling},
  AUTHOR ={Richard, Jean-Francois and Zhang, Wei},
  JOURNAL ={Journal of Econometrics},
  YEAR ={2007},
  volume={141},
  number={2},
  pages={1385--1411},
}


@ARTICLE{Scheiner_ERDK_2007,
  TITLE={Mobility biographies: Elements of a biographical theory of travel demand (Mobilit{\"a}tsbiographien: Bausteine zu einer biographischen Theorie der Verkehrsnachfrage)},
  AUTHOR ={Scheiner, Joachim},
  YEAR ={2007},
  JOURNAL ={Erdkunde},
  pages={161--173},
}

@ARTICLE{Stewart_STATA_2006
  TITLE={Maximum simulated likelihood estimation of random-effects dynamic probit models with autocorrelated errors},
  AUTHOR ={Stewart, Mark},
  YEAR ={2006},
  JOURNAL ={The Stata Journal},
  volume={6},
  number={2},
  pages={256--272},
}

@ARTICLE{Stewart_JAE_2007,
  TITLE={The interrelated dynamics of unemployment and low-wage employment},
  AUTHOR ={Stewart, Mark B},
  JOURNAL ={Journal of Applied Econometrics},
  YEAR ={2007},
  volume={22},
  number={3},
  pages={511--531},
}

@INPROCEEDINGS{Lanzendorf_IATBR_2003,
  AUTHOR = {Lanzendorf, Martin},
  TITLE = {Mobility biographies. A new perspective for understanding travel behaviour},
  BOOKTITLE = {10th International Conference on Travel Behaviour Research (IATBR)},
  YEAR = {2003},
  EDITOR = {IATBR},
  address = {Lucerne, Switzerland},
  month = {August},
}

@INCOLLECTION{Heckman_Rosen_1981,
  AUTHOR = {Heckman, James J},
  TITLE = {Heterogeneity and state dependence},
  pages = {91--140},
  EDITOR = {Rosen, Sherwin},
  BOOKTITLE = {Studies in labor markets},
  PUBLISHER = {University of Chicago Press},
  YEAR = {1981},
  Volume={31},
  address = {Chicago},
}

@BOOK{Rosen_1981,
  AUTHOR={Rosen, Sherwin},
  TITLE={Studies in labor markets},
  PUBLISHER ={University of Chicago Press}
  Volume={31},
  Year={1981},
}

@MASTERSTHESIS{KloeppnerWeber_MastersThesis_2007,
  AUTHOR =  {Kl{\"o}pper, Vera and Weber, Anna},
  TITLE =   {Generations{\"u}bergreifende Mobilit{\"a}tsbiographien},
  SCHOOL =  {Faculty of Spatial Planning, Technische Universit{\"a}t Dortmund},
  YEAR =    {2007},
  address = dortmund,
}





