% !TEX encoding = utf8
%%%%%%%%%%%%%%%%%%%%%%%%%%%%%%%%%%%%%%%%%%%%%%%%%%%%%%%%%%%%%%%%%%%%%%
%%%%%%%%%%%%%%%%%%%%%%%%%%%%%%%%%%%%%%%%%%%%%%%%%%%%%%%%%%%%%%%%%%%%%%
%%
%% Encoding check:
%%   ä  ö  ü  Ä  Ö  Ü  ß  á  é  í  ó  ú  à  è  ì  ò  ù  â  ê  î  ô  û
%%
%%   If the above contains rubbish, please re-open this file using
%%   the CORRECT encoding.  By default this is UTF-8.
%%   DO NOT save the file in this case!
%%
%%%%%%%%%%%%%%%%%%%%%%%%%%%%%%%%%%%%%%%%%%%%%%%%%%%%%%%%%%%%%%%%%%%%%%
%%%%%%%%%%%%%%%%%%%%%%%%%%%%%%%%%%%%%%%%%%%%%%%%%%%%%%%%%%%%%%%%%%%%%%

%%%%%%%%%%%%%%%%%%%%%%%%%%%%%%%%%%%%%%%%%%%%%%%%%%%%%%%%%%%%%%%%%%%%%%
%  MASTERSTHESIS
%    A master thesis (or "Diplomarbeit").
%%%%%%%%%%%%%%%%%%%%%%%%%%%%%%%%%%%%%%%%%%%%%%%%%%%%%%%%%%%%%%%%%%%%%%

%%%%%%%%%%%%%%%%%%%%%%%%%%%%%%%%%%%%%%%%%%%%%%%%%%%%%%%%%%%%%%%%%%%%%%
%  KEY-DEFINITION:
%    (Author)_MastersThesis_(Year|forth)
%    Example:
%      Erath_MastersThesis_2005,
%  AUTHOR
%    Must be crossrefs of authors given in the author.txt (add it there,
%    if one is missing)
%    Example:
%      AUTHOR =  Erath,
%  TITLE
%    Write the title in "Title-Style", the bib-style converts it.
%    If there are Characters which MUST be written as defined
%    (i.e. all-caps or no caps), then set those characters in
%    additional curly brackets.
%    Example:
%      TITLE =   {{Z}eitkosten im {E}inkaufsverkehr},
%  SCHOOL
%    Mujst be a crossref of an organization / school in the translations.txt file (add
%    it there, if one is missing)
%    Example:
%      SCHOOL =  uni-ethz-ivt # comma # uni-ethz,
%  YEAR
%    Either the year of publication or set the crossref to 'forth'
%    as given in the translations.txt file
%    Example:
%      YEAR =    {2005},
%  address
%    Optional: Must be crossrefs to the adresses given in the
%    translations.txt file (add it there, if one is missing)
%    Example:
%      address = zurich,
%  url
%    Optional: Add an url.
%    Example:
%      url =     {http://www.ivt.ethz.ch/docs/students/dip47.pdf},
%  comment
%    Optional: add any comment you want
%    Example:
%      comment =      {balmermi: this is a very good one.},
%%%%%%%%%%%%%%%%%%%%%%%%%%%%%%%%%%%%%%%%%%%%%%%%%%%%%%%%%%%%%%%%%%%%%%

@MASTERSTHESIS{MASTERSTHESIS-AUTHOR_MastersThesis_YEAR,
  AUTHOR =  {MASTERSTHESIS-AUTHOR},
  TITLE =   {{TITLE}},
  SCHOOL =  {SCHOOL},
  YEAR =    {0000},
  address = {address},
  url =     {url},
  comment = {{comment}},
}

@MASTERSTHESIS{MASTERSTHESIS-AUTHOR_MastersThesis_0001,
  AUTHOR =  {MASTERSTHESIS-AUTHOR},
  TITLE =   {A Master Thesis with All Information},
  SCHOOL =  uni-ethz-ivt # comma # uni-ethz,
  YEAR =    {0001},
  address = zurich,
  url =     {http://www.ivt.ethz.ch/docs/students/dipXYZ.pdf},
  comment = {This is just a comment for that reference.},
}

@MASTERSTHESIS{MASTERSTHESIS-AUTHOR_MastersThesis_0002,
  AUTHOR =  {MASTERSTHESIS-AUTHOR},
  TITLE =   {The Minimal Version of a Master Thesis},
  SCHOOL =  uni-ethz-ivt # comma # uni-ethz,
  YEAR =    {0002},
}

@MASTERSTHESIS{MASTERSTHESIS-AUTHOR_MastersThesis_forth,
  AUTHOR =  {MASTERSTHESIS-AUTHOR},
  TITLE =   {A Master Thesis which is in Press},
  SCHOOL =  uni-ethz-ivt # comma # uni-ethz,
  YEAR =    forth,
}

%%%%%%%%%%%%%%%%%%%%%%%%%%%%%%%%%%%%%%%%%%%%%%%%%%%%%%%%%%%%%%%%%%%%%%
%  End of Description
%%%%%%%%%%%%%%%%%%%%%%%%%%%%%%%%%%%%%%%%%%%%%%%%%%%%%%%%%%%%%%%%%%%%%%

%%%%%%%%%%%%%%%%%%%%%%%%%%%%%%%%%%%%%%%%%%%%%%%%%%%%%%%%%%%%%%%%%%%%%%
% TODO Items:
%%%%%%%%%%%%%%%%%%%%%%%%%%%%%%%%%%%%%%%%%%%%%%%%%%%%%%%%%%%%%%%%%%%%%%


%%%%%%%%%%%%%%%%%%%%%%%%%%%%%%%%%%%%%%%%%%%%%%%%%%%%%%%%%%%%%%%%%%%%%%
% End of TODO Items
%%%%%%%%%%%%%%%%%%%%%%%%%%%%%%%%%%%%%%%%%%%%%%%%%%%%%%%%%%%%%%%%%%%%%%

%%%%%%%%%%%%%%%%%%%%%%%%%%%%%%%%%%%%%%%%%%%%%%%%%%%%%%%%%%%%%%%%%%%%%%
% Masterthesis Entries
%%%%%%%%%%%%%%%%%%%%%%%%%%%%%%%%%%%%%%%%%%%%%%%%%%%%%%%%%%%%%%%%%%%%%%

% A %%%%%%%%%%%%%%%%%%%%%%%%%%%%%%%%%%%%%%%%%%%%%%%%%%%%%%%%%%%%%%%%%%

% B %%%%%%%%%%%%%%%%%%%%%%%%%%%%%%%%%%%%%%%%%%%%%%%%%%%%%%%%%%%%%%%%%%
@MASTERSTHESIS{Balac_MastersThesis_2012,
  AUTHOR =  Balac,
  TITLE =   {Feasibility Study of On-Focal Plane Image Compressive Sampling},
  SCHOOL =  uni-epfl,
  YEAR =    {2012},
  address = lausanne,
}

@MASTERSTHESIS{Balmer_MastersThesis_2003,
  AUTHOR =  Balmer,
  TITLE =   {Finding the Sink in a Unique Sink Oriented 5-Cube},
  SCHOOL =  uni-ethz-ti # comma # uni-ethz,
  YEAR =    {2003},
  address = zurich,
}

@MASTERSTHESIS{Belart_MastersThesis_2011,
  AUTHOR =  Belart,
  TITLE =   {{Wohnstandortwahl im Grossraum Zürich}},
  SCHOOL =  uni-ethz-ivt # comma # uni-ethz,
  YEAR =    {2011},
  address = zurich,
}

@MASTERSTHESIS{Bodenbender_MastersThesis_2013,
  AUTHOR =  Bodenbender,
  TITLE =   {{A CGE - Model of Parking in Zurich: Implementation and Policy Tests}},
  SCHOOL =  uni-ethz-ivt # comma # uni-ethz,
  YEAR =    {2013},
  address = zurich,
  url =     {http://www.ivt.ethz.ch/docs/students#367},
}

@MASTERSTHESIS{Brawand_MastersThesis_2013,
  AUTHOR =  Brawand,
  TITLE =   {{Optimale Platzierung von Ladestationen für Elektrische Fahrzeuge}},
  SCHOOL =  uni-ethz-ivt # comma # uni-ethz,
  YEAR =    {2013},
  address = zurich,
  url =     {http://www.ivt.ethz.ch/docs/students#369},
}

% C %%%%%%%%%%%%%%%%%%%%%%%%%%%%%%%%%%%%%%%%%%%%%%%%%%%%%%%%%%%%%%%%%%

@MASTERSTHESIS{Caduff_MastersThesis_2013,
  AUTHOR =  Caduff,
  TITLE =   {{Spatial hedonic regression modelling of commercial and office space prices in Singapore}},
  SCHOOL =  uni-ethz-ivt # comma # uni-ethz,
  YEAR =    {2013},
  url =     {http://www.ivt.ethz.ch/docs/students#368},
}

@MASTERSTHESIS{Carrasco_MastersThesis_2008,
  AUTHOR =  Carrasco,
  TITLE =   {Deciding where to Shop: Disaggregate Random Utility Destination Choice Modeling of Grocery Shopping in Canton {Z}urich},
  SCHOOL =  uni-ethz-ivt # comma # uni-ethz,
  YEAR =    {2008},
  address = zurich,
}

@MASTERSTHESIS{Casati_MastersThesis_2014,
  AUTHOR =  Casati,
  TITLE =   {Hierarchical Population Generation in Transportation Modelling},
  SCHOOL =  uni-ethz-ivt # comma # uni-ethz,
  YEAR =    {2014},
  address = zurich,
}

@MASTERSTHESIS{Chakirov_MastersThesis_2010,
  AUTHOR =  Chakirov,
  TITLE =   {{Control and Optimization of Wave-Induced Motion of Ramp-Interconnected Craft for Cargo Transfer}},
  SCHOOL =  uni-ucsd-cccsd # comma # uni-ucsd,
  YEAR =    {2010},
  address = sandiego,
}

% D %%%%%%%%%%%%%%%%%%%%%%%%%%%%%%%%%%%%%%%%%%%%%%%%%%%%%%%%%%%%%%%%%%

@MASTERSTHESIS{Dean_MastersThesis_1999,
  AUTHOR =  Dean,
  TITLE =   {Continuous-Time Dynamic Shortest Path Algorithms},
  SCHOOL =  uni-mit,
  YEAR =    {1999},
  address = cambridge-ma,
}

@MASTERSTHESIS{Dubernet_MastersThesis_2011,
  AUTHOR =  Dubernet,
  TITLE =   {Introducing Joint Trips in a Multi-Agent Transport Simulation: From Agents to Clique Replanning},
  SCHOOL =  uni-utc # and # uni-ethz-ivt # comma # uni-ethz,
  YEAR =    {2011},
  address = compiege # and # zurich,
}

% E %%%%%%%%%%%%%%%%%%%%%%%%%%%%%%%%%%%%%%%%%%%%%%%%%%%%%%%%%%%%%%%%%%

@MASTERSTHESIS{Eberhard_MastersThesis_2002,
  AUTHOR =  Eberhard,
  TITLE =   {{A 24-h household-level activity based travel demand model for the GTA}},
  SCHOOL =  {University of Toronto},
  YEAR =    {2002},
  address = toronto,
}

@MASTERSTHESIS{Ehreke_MastersThesis_2008,
  AUTHOR =  Ehreke,
  TITLE =   {{Analyse der Zielwahl im motorisierten Individualverkehr - eine Betrachtung der Auftretungshäufigkeiten routinisierter Fahrten}},
  SCHOOL =  {Freie Universität Berlin},
  YEAR =    {2008},
  address = berlin,
}

@MASTERSTHESIS{Erath_MastersThesis_2005,
  AUTHOR =  Erath,
  TITLE =   {{Zeitkosten im Einkaufsverkehr}},
  SCHOOL =  uni-ethz-ivt # comma # uni-ethz,
  YEAR =    {2005},
  address = zurich,
  url =     {http://www.ivt.ethz.ch/docs/students/dip47.pdf},
}

% F %%%%%%%%%%%%%%%%%%%%%%%%%%%%%%%%%%%%%%%%%%%%%%%%%%%%%%%%%%%%%%%%%%

@MASTERSTHESIS{Fletterman_MastersThesis_2008,
  AUTHOR =  Fletterman,
  TITLE =   {{Designing Multimodal Public Transport Networks Using Metaheuristics}},
  SCHOOL =  uni-pret-ebtit # comma # uni-pret,
  YEAR =    {2008},
  address = pretoria,
  url =     {http://upetd.up.ac.za/thesis/available/etd-01162009-154801/unrestricted/dissertation.pdf},
}

@MASTERSTHESIS{Frei_MastersThesis_2005,
  AUTHOR =  Frei,
  TITLE =   {{Was hätte man 1960 für einen Sharan bezahlt?}},
  SCHOOL =  uni-ethz-ivt # comma # uni-ethz,
  YEAR =    {2005},
  address = zurich,
  url =     {http://www.ivt.ethz.ch/docs/students/dip47.pdf},
}

@MASTERSTHESIS{Fourie_MastersThesis_2009,
  AUTHOR =  Fourie,
  TITLE =   {{An initial implementation of a multi-agent transport simulator for South~Africa}},
  SCHOOL =  uni-pret-ebtit # comma # uni-pret,
  YEAR =    {2009},
  address = pretoria,
  url =     {http://hdl.handle.net/2263/25793},
}

@MASTERSTHESIS{Frejinger_MastersThesis_2004,
  AUTHOR =  Frejinger,
  TITLE =   {Route choice analysis using {GPS} data},
  SCHOOL =  uni-epfl,
  YEAR =    {2004},
  address = lausanne,
}

@MASTERSTHESIS{Fuhrer_MastersThesis_2012,
  AUTHOR =  Fuhrer,
  TITLE =   {{A Hedonic Rental Price Model for the Canton Zurich}},
  SCHOOL =  uni-ethz-ivt # comma # uni-ethz,
  YEAR =    {2012},
  address = zurich,
}


% G %%%%%%%%%%%%%%%%%%%%%%%%%%%%%%%%%%%%%%%%%%%%%%%%%%%%%%%%%%%%%%%%%%

@MASTERSTHESIS{Graf_MastersThesis_2003,
  AUTHOR =  Graf,
  TITLE =   {{Simuliertes Lernen menschlicher Tagespläne mittels Methoden der künstlichen Intelligenz}},
  SCHOOL =  uni-ethz-icos # comma # uni-ethz,
  YEAR =    {2003},
  address = zurich,
  url =     {http://e-collection.ethbib.ethz.ch/show?type=dipl&nr=132},
}

@MASTERSTHESIS{Gaetzi_MastersThesis_2004,
  AUTHOR =  Gaetzi,
  TITLE =   {{Raumstruktur und Erreichbarkeit}},
  SCHOOL =  uni-ethz-ivt # comma # uni-ethz,
  YEAR =    {2004},
  address = zurich,
  url =     {},
}

@MASTERSTHESIS{Grossenbacher_MastersThesis_2014,
  AUTHOR =  Grossenbacher,
  TITLE =   {{Studying Human Mobility Through Geotagged Social Media Content}},
  SCHOOL =  uni-zh-geo # comma # uni-zh,
  YEAR =    {2014},
  address = zurich,
  url =     {},
}

% H %%%%%%%%%%%%%%%%%%%%%%%%%%%%%%%%%%%%%%%%%%%%%%%%%%%%%%%%%%%%%%%%%%

@MASTERSTHESIS{Hao_MastersThesis_2010,
  AUTHOR =  Hao,
  TITLE =   {{TASHA-MATSim} Integration and its Application in Emission Modelling},
  SCHOOL =  uni-toronto,
  YEAR =    {2010},
  address = toronto,
  url =     {https://tspace.library.utoronto.ca/handle/1807/18327},
}

@MASTERSTHESIS{Hoffer_MastersThesis_2015,
  AUTHOR =  Hoffer,
  TITLE =   {{The Potential of Online Respondent Data for Choice Modeling in Transportation Research: Evidence from Stated Preference Experiments using Web-based Samples}},
  SCHOOL =  uni-ethz-ivt # comma # uni-ethz,
  YEAR =    {2015},
  address = zurich,
  url =     {},
}

@MASTERSTHESIS{Hoerl_MastersThesis_2016,
  AUTHOR =  Hoerl,
  TITLE =   {{ Implementation of an autonomous taxi service in a multi-modal traffic simulation using MATSim}},
  SCHOOL =  uni-chalmers,
  YEAR =    {2016},
  address = gothenburg,
  url =     {},
}


% I %%%%%%%%%%%%%%%%%%%%%%%%%%%%%%%%%%%%%%%%%%%%%%%%%%%%%%%%%%%%%%%%%%

% J %%%%%%%%%%%%%%%%%%%%%%%%%%%%%%%%%%%%%%%%%%%%%%%%%%%%%%%%%%%%%%%%%%

@MASTERSTHESIS{Jaeggle_MastersThesis_2006,
  AUTHOR =  Jaeggle,
  TITLE =   {{Was ist den Schweizern ein verhinderter Verkehrstoter wert?}},
  SCHOOL =  uni-ethz-ivt # comma # uni-ethz,
  YEAR =    {2006},
  address = zurich,
  url =     {http://www.ivt.ethz.ch/docs/students/sa177.pdf},
}

% K %%%%%%%%%%%%%%%%%%%%%%%%%%%%%%%%%%%%%%%%%%%%%%%%%%%%%%%%%%%%%%%%%%

@MASTERSTHESIS{Kickhoefer_MastersThesis_2009,
  AUTHOR =  Kickhoefer,
  TITLE =   {{Die Methodik der ökonomischen Bewertung von Verkehrsmaßnahmen in Multiagentensimulationen}},
  SCHOOL =  uni-tub,
  YEAR =    {2009},
  address = berlin,
  url =     {https://svn.vsp.tu-berlin.de/repos/public-svn/publications/vspwp/2009/09-10/DAKickhoefer19aug09.pdf},
}

@MASTERSTHESIS{Kistler_MastersThesis_2004,
  AUTHOR =  Kistler,
  TITLE =   {Mental Maps for Mobility Simulations of Agents},
  SCHOOL =  uni-ethz-icos # comma # uni-ethz,
  YEAR =    {2004},
  address = zurich,
}

@MASTERSTHESIS{KloeppnerWeber_MastersThesis_2007,
  AUTHOR =  {Kl{\"o}pper, Vera and Weber, Anna},
  TITLE =   {{Generations{\"u}bergreifende Mobilit{\"a}tsbiographien}},
  SCHOOL =  {Faculty of Spatial Planning, Technische Universit{\"a}t Dortmund},
  YEAR =    {2007},
  address = dortmund,
}

@MASTERSTHESIS{Kucirek_MastersThesis_2012,
  AUTHOR =  Kucirek,
  TITLE =   {Comparison between MATSim \& EMME: Developing a dynamic, activity-based micro-simulation transit assignment model for Toronto},
  SCHOOL =  uni-toronto,
  YEAR =    {2012},
  address = toronto,
}

% L %%%%%%%%%%%%%%%%%%%%%%%%%%%%%%%%%%%%%%%%%%%%%%%%%%%%%%%%%%%%%%%%%%

@MASTERSTHESIS{Lehner_MastersThesis_2011,
  AUTHOR =  Lehner,
  TITLE =   {{Modelling housing prices in Singapore applying spatial hedonic regression}},
  SCHOOL =  uni-ethz-ivt # comma # uni-ethz,
  YEAR =    {2011},
  url =     {http://www.ivt.ethz.ch/docs/students/sa307.pdf},
}

@MASTERSTHESIS{Lu_MastersThesis_2002,
  AUTHOR =  Lu,
  TITLE =   {{Mode Choice Methodology in TRANSIMS}},
  SCHOOL =  {Virginia Polytechnic Institute and State University},
  YEAR =    {2002},
  url =     {http://scholar.lib.vt.edu/theses/available/etd-12122002-222445/unrestricted/Thesis_Qingying_Lu.pdf},
}


% M %%%%%%%%%%%%%%%%%%%%%%%%%%%%%%%%%%%%%%%%%%%%%%%%%%%%%%%%%%%%%%%%%%

@MASTERSTHESIS{Meister_MastersThesis_2004,
  AUTHOR =  Meister,
  TITLE =   {{Erzeugung kompletter Aktivitätenpläne für Haushalte mit genetischen Algorithmen}},
  SCHOOL =  uni-ethz-ivt # comma # uni-ethz,
  YEAR =    {2004},
  url =     {http://www.ivt.ethz.ch/docs/students/dip44.pdf},
}

@MASTERSTHESIS{Menghini_MastersThesis_2008,
  AUTHOR =  Menghini,
  TITLE =   {{Routenwahl von Fahrradfahrern: Diskrete Entscheidungsmodellierung mittels GPS-Daten}},
  SCHOOL =  uni-ethz-ivt # comma # uni-ethz,
  YEAR =    {2008},
  address = zurich,
  url =     {http://www.ivt.ethz.ch/docs/students/dip78.pdf},
}

@MASTERSTHESIS{Mezdani_MastersThesis_2011,
  AUTHOR =  Mezdani,
  TITLE =   {Optimal tolls based on an agent-based model of travel demand},
  SCHOOL =  uni-epfl-transpor # comma # uni-epfl,
  YEAR =    {2011},
  address = lausanne,
}

@MASTERSTHESIS{Modrzejewski_MastersThesis_2013,
  AUTHOR =  Modrzejewski,
  TITLE =   {Workplace location choice: a cross-disciplinary literature review},
  SCHOOL =  uni-ethz-ivt # comma # uni-ethz,
  YEAR =    {2013},
  address = zurich,
  url =     {http://www.ivt.ethz.ch/docs/students#378},
}

@MASTERSTHESIS{MuellerK_MastersThesis_2006,
  AUTHOR =  MuellerK,
  TITLE =   {{Design and Implementation of an Effcient Hierarchical Speed-up Technique for Computation of Exact Shortest Paths in Graphs}},
  SCHOOL =  uni-karlsruhe-iti # comma # uni-karlsruhe,
  YEAR =    {2006},
  address = karlsruhe,
  url =     {http://i11www.iti.uni-karlsruhe.de/_media/teaching/theses/files/da-kmueller-06.pdf},
}

% N %%%%%%%%%%%%%%%%%%%%%%%%%%%%%%%%%%%%%%%%%%%%%%%%%%%%%%%%%%%%%%%%%%

@MASTERSTHESIS{Neumann_MastersThesis_2008,
  AUTHOR =  NeumannA,
  TITLE =   {{Modellierung und Evaluation von Lichtsignalanlagen in Queue-Simulationen}},
  SCHOOL =  uni-tub,
  YEAR =    {2008},
  address = berlin,
  url =     {https://svn.vsp.tu-berlin.de/repos/public-svn/publications/vspwp/2008/08-24/Neumann2008Dipl.pdf},
}

% O %%%%%%%%%%%%%%%%%%%%%%%%%%%%%%%%%%%%%%%%%%%%%%%%%%%%%%%%%%%%%%%%%%

@MASTERSTHESIS{Ortigosa_MastersThesis_2006,
  AUTHOR =  Ortigosa,
  TITLE =   {Design criteria for planning and developing freight villages},
  SCHOOL =  {technical university of catalonia} # comma # barcelona,
  YEAR =    {2006},
  address = barcelona,
}
% P %%%%%%%%%%%%%%%%%%%%%%%%%%%%%%%%%%%%%%%%%%%%%%%%%%%%%%%%%%%%%%%%%%

@MASTERSTHESIS{Pfeifhofer_BScThesis_2014,
  AUTHOR =  Pfeifhofer,
  TITLE =   {{Parameterwahl für die Populationssynthese mittels Regressionsbäumen}},
  SCHOOL =  uni-ethz-ivt # comma # uni-ethz,
  YEAR =    {2014},
  TYPE =    {{BSc} thesis},
  address = zurich,
  url =     {},
}

@MASTERSTHESIS{Pritchard_MastersThesis_2008,
  AUTHOR =  Pritchard,
  TITLE =   {SYNTHESIZING AGENTS AND RELATIONSHIPS FOR LAND USE / TRANSPORTATION MODELLING},
  SCHOOL =  {University of Toronto},
  YEAR =    {2008},
  address = toronto,
  url =     {https://tspace.library.utoronto.ca/bitstream/1807/17214/1/Pritchard_David_R_200811_MASc_thesis.pdf},
}

% Q %%%%%%%%%%%%%%%%%%%%%%%%%%%%%%%%%%%%%%%%%%%%%%%%%%%%%%%%%%%%%%%%%%

% R %%%%%%%%%%%%%%%%%%%%%%%%%%%%%%%%%%%%%%%%%%%%%%%%%%%%%%%%%%%%%%%%%%

@MASTERSTHESIS{Rau_MastersThesis_2014,
  AUTHOR =  Rau,
  TITLE =   {Verkehrsverhalten und Soziale Netwerke},
  SCHOOL =  uni-ethz-ivt # comma # uni-ethz,
  YEAR =    {2014},
  address = zurich,
}

% S %%%%%%%%%%%%%%%%%%%%%%%%%%%%%%%%%%%%%%%%%%%%%%%%%%%%%%%%%%%%%%%%%%

@MASTERSTHESIS{Schieffer_MastersThesis_2011,
  AUTHOR =  Schieffer,
  TITLE =   {Decentralized charging decisions for the smart grid},
  SCHOOL =  uni-ethz-ivt # comma # uni-ethz,
  YEAR =    {2011},
  address = zurich,
}

@MASTERSTHESIS{Schil_MastersThesis_2012,
  AUTHOR =  Schil,
  TITLE =   {Measuring journey time reliability in London using automated data collection systems},
  SCHOOL =  uni-mit,
  YEAR =    {2012},
  address = boston,
}
@MASTERSTHESIS{Schuessler_MastersThesis_2004,
  AUTHOR =  Schuessler,
  TITLE =   {{Optimierung der Kapazitätsauslastung im Eisenbahnwesen}},
  SCHOOL =  uni-karlsruhe-iww # comma # uni-karlsruhe,
  YEAR =    {2004},
  address = karlsruhe,
}

@MASTERSTHESIS{Simoni_MastersThesis_2013,
  AUTHOR =  Simoni,
  TITLE =   {Congestion Pricing Schemes Controlled by the gMFD: a Comprehensive Design and Appraisal to Bridge the Engineering and Economic Perspective},
  SCHOOL =  uni-tudelft-itp # comma # uni-tudelft,
  YEAR =    {2013},
  address = delft,
}

@MASTERSTHESIS{Stahel_MastersThesis_2012,
  AUTHOR =  StahelA,
  TITLE =   {Agent Interactions in the Activity Infrastructure of Transport Microsimulations},
  SCHOOL =  uni-ethz-ivt # comma # uni-ethz,
  YEAR =    {2012},
  address = zurich,
}

% T %%%%%%%%%%%%%%%%%%%%%%%%%%%%%%%%%%%%%%%%%%%%%%%%%%%%%%%%%%%%%%%%%%

% U %%%%%%%%%%%%%%%%%%%%%%%%%%%%%%%%%%%%%%%%%%%%%%%%%%%%%%%%%%%%%%%%%%

% V %%%%%%%%%%%%%%%%%%%%%%%%%%%%%%%%%%%%%%%%%%%%%%%%%%%%%%%%%%%%%%%%%%

@MASTERSTHESIS{VanEggermond_MastersThesis_2007,
  AUTHOR =  VanEggermond,
  TITLE =   {Consumer Choice Behavior and Strategies of Air Transportation Service Providers},
  SCHOOL =  uni-ethz-ivt # comma # uni-ethz # and # uni-tudelft-itp # comma # uni-tudelft,
  YEAR =    {2007},
  address = zurich # and # delft,
}

@MASTERSTHESIS{Vitins_MastersThesis_2006,
  AUTHOR =  Vitins,
  TITLE =   {{Optimierung der Verkehrsinfrastruktur der Region Bern mit der Ant Colony Heuristic}},
  SCHOOL =  uni-ethz-ivt # comma # uni-ethz,
  YEAR =    {2006},
  address = zurich,
}


% W %%%%%%%%%%%%%%%%%%%%%%%%%%%%%%%%%%%%%%%%%%%%%%%%%%%%%%%%%%%%%%%%%%

@MASTERSTHESIS{Weis_MastersThesis_2006,
  AUTHOR =  Weis,
  TITLE =   {{Routenwahl im ÖV}},
  SCHOOL =  uni-ethz-ivt # comma # uni-ethz,
  YEAR =    {2006},
  address = zurich,
  url =     {http://www.ivt.ethz.ch/docs/students/dip51.pdf},
}

% X %%%%%%%%%%%%%%%%%%%%%%%%%%%%%%%%%%%%%%%%%%%%%%%%%%%%%%%%%%%%%%%%%%

% Y %%%%%%%%%%%%%%%%%%%%%%%%%%%%%%%%%%%%%%%%%%%%%%%%%%%%%%%%%%%%%%%%%%

% Z %%%%%%%%%%%%%%%%%%%%%%%%%%%%%%%%%%%%%%%%%%%%%%%%%%%%%%%%%%%%%%%%%%

@MASTERSTHESIS{Zoellig_Masterthesis_2007,
  AUTHOR =  Zoellig,
  TITLE =   {{Auswirkungen öffentlicher Bautätigkeiten auf den Veränderungsentscheid privater Gebäudeeigentümer}},
  SCHOOL =  uni-ethz,
  YEAR =    {2007},
  address = zurich,
  url =     {http://www.irl.ethz.ch/plus/education/MSc_level/103-0009-00L/archivedipl/zoellig.pdf},
}

%%%%%%%%%%%%%%%%%%%%%%%%%%%%%%%%%%%%%%%%%%%%%%%%%%%%%%%%%%%%%%%%%%%%%%
% - special chars: äöüèéàß
% EOF
%%%%%%%%%%%%%%%%%%%%%%%%%%%%%%%%%%%%%%%%%%%%%%%%%%%%%%%%%%%%%%%%%%%%%%
