% !TEX encoding = utf8
%%%%%%%%%%%%%%%%%%%%%%%%%%%%%%%%%%%%%%%%%%%%%%%%%%%%%%%%%%%%%%%%%%%%%%
%%%%%%%%%%%%%%%%%%%%%%%%%%%%%%%%%%%%%%%%%%%%%%%%%%%%%%%%%%%%%%%%%%%%%%
%%
%% Encoding check:
%%   ä  ö  ü  Ä  Ö  Ü  ß  á  é  í  ó  ú  à  è  ì  ò  ù  â  ê  î  ô  û
%%
%%   If the above contains rubbish, please re-open this file using
%%   the CORRECT encoding.  By default this is UTF-8.
%%   DO NOT save the file in this case!
%%
%%%%%%%%%%%%%%%%%%%%%%%%%%%%%%%%%%%%%%%%%%%%%%%%%%%%%%%%%%%%%%%%%%%%%%
%%%%%%%%%%%%%%%%%%%%%%%%%%%%%%%%%%%%%%%%%%%%%%%%%%%%%%%%%%%%%%%%%%%%%%

%%%%%%%%%%%%%%%%%%%%%%%%%%%%%%%%%%%%%%%%%%%%%%%%%%%%%%%%%%%%%%%%%%%%%%
%  TECHREPORT
%   A report published by a school or other institution,
%   usually numbered within a series. Also Semester projects, term
%   projects and lecture note but
%   NO master / dimplome thesis, NO Dissertations and NO research
%   reports (definition of research reports, see researchreport.bib)
%%%%%%%%%%%%%%%%%%%%%%%%%%%%%%%%%%%%%%%%%%%%%%%%%%%%%%%%%%%%%%%%%%%%%%

%%%%%%%%%%%%%%%%%%%%%%%%%%%%%%%%%%%%%%%%%%%%%%%%%%%%%%%%%%%%%%%%%%%%%%
%  KEY-DEFINITION:
%      Either (Author1|Author1Author2|Author1EtAl)_TechRep_(InstitutionAcronym)_(YEAR|forth)[_(INDEX)]
%      Or (Authors|institutionACRONYM)_Norm_(NormNumber)_(YEAR|forth)[_(INDEX)]
%    Example:
%      WidmerMeister_TechRep_IVT_2005,
%      VSS_Norm_KNA641822_2005
%  AUTHOR
%    Must be crossrefs of authors given in the author.txt (add it there,
%    if one is missing)
%    Example:
%      AUTHOR =      Axhausen # and # Beige # and # Bernard,
%    If it is a Norm add an acronym of the institution
%    Example:
%      AUTHOR =      {{VSS}},
%  TITLE
%    Write the title in "Title-Style", the bib-style converts it.
%    If there are Characters which MUST be written as defined
%    (i.e. all-caps or no caps), then set those characters in
%    additional curly brackets.
%    Example:
%      TITLE =       {{E}rmittlung eines optimalen {G}ürnbandes auf {H}auptverkehrsstrassen},
%  INSTITUTION
%    Must be crossrefs to the organizations given in the
%    translations.txt file (add it there if it is missing)
%    Example:
%      INSTITUTION = uni-oxford-tsu # comma # uni-oxford,
%    If it is a norm, use now the alias to the organization instead of the acronym
%    Example:
%      INSTITUTION = org-vss,
%  YEAR
%    Either the year of publication or set the crossref to 'forth'
%    as given in the translations.txt file
%    Example:
%      YEAR =        {1981},
%  TYPE
%    Add the type of report here. Use the crossrefs given in
%    translations.txt file.
%    Example:
%      type =        rep-wp,
%  number
%    Optional: Add a number if exists.
%    Example:
%      number =      {123},
%    If it is a norm, the number HAS to be given
%  address
%    Optional: Must be crossrefs to the adresses given in the
%    translations.txt file. (add it there if it is missing)
%    Example:
%      address =      dusseldorf,
%  month
%    Optional: Must be crossrefs to the month given in the
%    translations.txt file.
%    Example:
%      month =        feb,
%  url
%    Optional: Add an url.
%    Example:
%      url =          {http://www.aamas2004.org/},
%  comment
%    Optional: add any comment you want
%    Example:
%      comment =      {balmermi: this is a very good one.},
%%%%%%%%%%%%%%%%%%%%%%%%%%%%%%%%%%%%%%%%%%%%%%%%%%%%%%%%%%%%%%%%%%%%%%

@TECHREPORT{TECHREPORT-AUTHOR_TechRep_InstAcronym_YEAR_INDEX,
  AUTHOR =      {TECHREPORT-AUTHOR},
  TITLE =       {{TITLE}},
  INSTITUTION = {INSTITUTION},
  YEAR =        {0000},
  TYPE =        {TYPE},
  number =      {number},
  address =     {address},
  month =       {month},
  url =         {url},
  comment =     {{comment}},
}

@TECHREPORT{TECHREPORT-AUTHOR_TechRep_AREBFS_0001,
  AUTHOR =      {TECHREPORT-AUTHOR},
  TITLE =       {A Tech-Report with All Information},
  INSTITUTION = org-are # and # org-bfs,
  YEAR =        {0001},
  TYPE =        rep-wp,
  number =      {561},
  address =     zurich,
  month =       jan,
  url =         {http://www.a-url.org/whatever},
  comment =     {This is just a comment for that reference.},
}

@TECHREPORT{TECHREPORT-AUTHOR_TechRep_AREBFS_0001_2,
  AUTHOR =      {TECHREPORT-AUTHOR},
  TITLE =       {Minimal Version of a Tech-Report},
  INSTITUTION = org-are # and # org-bfs,
  YEAR =        {0001},
  TYPE =        rep-techrep,
}

@TECHREPORT{TECHREPORT-AUTHOR_TechRep_AREBFS_forth,
  AUTHOR =      {TECHREPORT-AUTHOR},
  TITLE =       {A forthcoming Tech-Report},
  INSTITUTION = org-are # and # org-bfs,
  YEAR =        forth,
  TYPE =        rep-wp,
  address =     zurich,
}

%%%%%%%%%%%%%%%%%%%%%%%%%%%%%%%%%%%%%%%%%%%%%%%%%%%%%%%%%%%%%%%%%%%%%%
%  End of Description
%%%%%%%%%%%%%%%%%%%%%%%%%%%%%%%%%%%%%%%%%%%%%%%%%%%%%%%%%%%%%%%%%%%%%%

%%%%%%%%%%%%%%%%%%%%%%%%%%%%%%%%%%%%%%%%%%%%%%%%%%%%%%%%%%%%%%%%%%%%%%
% TODO Items:
%%%%%%%%%%%%%%%%%%%%%%%%%%%%%%%%%%%%%%%%%%%%%%%%%%%%%%%%%%%%%%%%%%%%%%


%%%%%%%%%%%%%%%%%%%%%%%%%%%%%%%%%%%%%%%%%%%%%%%%%%%%%%%%%%%%%%%%%%%%%%
% End of TODO Items
%%%%%%%%%%%%%%%%%%%%%%%%%%%%%%%%%%%%%%%%%%%%%%%%%%%%%%%%%%%%%%%%%%%%%%

%%%%%%%%%%%%%%%%%%%%%%%%%%%%%%%%%%%%%%%%%%%%%%%%%%%%%%%%%%%%%%%%%%%%%%
% Techreport Entries
%%%%%%%%%%%%%%%%%%%%%%%%%%%%%%%%%%%%%%%%%%%%%%%%%%%%%%%%%%%%%%%%%%%%%%

% A %%%%%%%%%%%%%%%%%%%%%%%%%%%%%%%%%%%%%%%%%%%%%%%%%%%%%%%%%%%%%%%%%%

@TECHREPORT{AbedinWaraich_TechRep_IVT_2013,
  AUTHOR =      Abedin # and # Waraich,
  TITLE =       {{Modelling Inductive Charging of Battery Electric Vehicles using an Agent-Based Approach}},
  INSTITUTION = uni-ethz-ivt # comma # uni-ethz,
  YEAR =        {2013},
  TYPE =        rep-wp-vpl,
  number =      {899},
  address =     zurich,
  url =         {http://www.ivt.ethz.ch/vpl/publications/reports#899},
}

@TECHREPORT{Achtnicht_TechRep_CEER_2009,
  AUTHOR =      Achtnicht,
  TITLE =       {German Car Buyers' Willingness to Pay to Reduce $\text{CO}_2$ Emissions},
  INSTITUTION = org-ceer,
  YEAR =        {2009},
  type =        rep-wp,
  number =      {09-058},
  address =     mannheim,
}


@TECHREPORT{Achtnicht_TechRep_CEER_2010,
  AUTHOR =      Achtnicht,
  TITLE =       {Do environmental benefits matter? A choice experiment among house owners in Germany},
  INSTITUTION = org-ceer,
  YEAR =        {2010},
  type =        rep-wp,
  number =      {10-094},
  address =     mannheim,
}

@TECHREPORT{Akcelik_ResRep_ARRB_1998,
  AUTHOR =      Akcelik,
  TITLE =       {Roundabouts: Capacity and Performance Analysis},
  INSTITUTION = org-arrb,
  YEAR =        {1998},
  type =        rep-resrep,
  number =      {321},
}

% Here, author was corrected from Beckmann to Akcelik (Basil Vitins, April 30, 2012)
@TECHREPORT{Akcelik_TechRep_ARRB_1981,
  AUTHOR =      Akcelik,
  TITLE =       {Traffic signals capacity and timing analysis},
  INSTITUTION = org-arrb,
  YEAR =        {1981},
  type =        rep-resrep,
  number =      {123},
}

@TECHREPORT{AlamMcNabola_TechRep_Peacox_2012,
  AUTHOR =      AlamS # and # McNabola,
  TITLE =       {Peacox -- Door to Door Emissions Models},
  INSTITUTION = {{PEACOX} project} # comma # uni-tcd,
  YEAR =        {2012},
  TYPE =        rep-deliv,
  number =      {D3.1},
  address =     dublin,
  url =         {http://www.project-peacox.eu/uploads/media/peacox/public_deliverables/Peacox_D3.1_Door_to_Door_Emissons_Models.pdf},
}

@TECHREPORT{AmmoserHoppe_TechRep_IFWV_2006,
  AUTHOR =      Ammoser # and # Hoppe,
  TITLE =       {{Glossar Verkehrswesen und Verkehrswissenschaften}},
  INSTITUTION = {Institut für Wirtschaft und Verkehr},
  YEAR =        {2006},
  type =        {Schriftenreihe: Diskussionsbeiträge aus dem Institut für Wirtschaft und Verkehr},
  number =      {2},
  address = 		dresden,
}

@TECHREPORT{AnasHiramatsu_TechRep_UB_2011,
  AUTHOR =      Anas # and # Hiramatsu,
  TITLE =       {{T}he {E}conomics of {C}ordon {T}olling: {G}eneral {E}quilibrium and {W}elfare {A}nalysis},
  INSTITUTION = uni-buffalo,
  YEAR =        2011,
  TYPE =        rep-wp,
  address =     amherst,
}

@TECHREPORT{AndaEtAl_TechRep_FCL_2016,
  AUTHOR =      Anda # and # Fourie # and # Erath,
  TITLE =       {Transport Modelling in the Age of Big Data},
  INSTITUTION = sec-fcl # comma # sec,
  YEAR =        {2016},
  TYPE =        rep-wp,
  address =     singapore,
  url =         {http://e-citations.ethbib.ethz.ch/view/pub:180416?lang=en},
}

@TECHREPORT{Aptus_TechRep_IVT_2010,
  AUTHOR =      Aptus,
  TITLE =       {{Beschleunigung der Gleichgewichtssuche in agentenbasierten Systemen}},
  INSTITUTION = uni-ethz-ivt # comma # uni-ethz,
  YEAR =        {2010},
  type =        rep-semprj,
  address =     zurich,
}

@TECHREPORT{AreBfs_TechRep_AREBFS_2001,
  AUTHOR =      {{ARE}} # and # {{BfS}},
  TITLE =       {{M}obilität in der {S}chweiz, {E}rgebnisse des {M}ikrozensus 2000 zum {V}erkehrsverhalten},
  INSTITUTION = org-are # and # org-bfs,
  YEAR =        {2001},
  type =        rep-resrep,
  number =      {6/91},
  address =     bern,
  url =         {http://www.are.admin.ch/are/de/verkehr/mobilitaetskennziffern/unterseite26/index.html},
}

@TECHREPORT{ARE_2011,
  AUTHOR =      {{Bundesamt für Raumentwicklung ARE}},
  TITLE =       {{ÖV-Güteklassen - Berechnungsmethodik ARE Grundlagenberichten}},
  INSTITUTION = org-are,
  YEAR =        {2011},
  TYPE =         rep-techrep,
  number =      {},
  address =     bern,
}

@TECHREPORT{ArentzeEtAl_TechRep_IVT_2011,
  AUTHOR =      Arentze # and # Kowald # and # Axhausen,
  TITLE =       {A Method to Model Population-Wide Social Networks for Large Scale Activity-Travel Micro-Simulation},
  INSTITUTION = uni-ethz-ivt # comma # uni-ethz,
  YEAR =        {2011},
  TYPE =        rep-wp,
  number =      {698},
  address =     zurich,
}


@TECHREPORT{ArmoogumEtAl_TechRep_IFSTTAR_2008,
   AUTHOR = Armoogum # and # Hubert # and #  Francois # and # Roumier # and # Robin # and # Roux,
   Title = {{Enqu\^ete nationale transport et d\'eplacements 2007-2008}},
   INSTITUTION = org-ifsttar,
   YEAR = {2008},
   TYPE = rep-techrep,
   number = {},
   address = paris,
}

@TECHREPORT{ArnottInci_TechRep_NBER_2005,
  AUTHOR =      Arnott # and # Inci,
  TITLE =       {{An Integrated Model of Downtown Parking and Traffic Congestion}},
  INSTITUTION = nber,
  YEAR =        {2005},
  TYPE =        rep-wp,
  number =      {11118},
  address =     cambridge-ma,
  month =       feb,
}

@TECHREPORT{ArtukovicEtAl_TechRep_Peacox_2013,
  AUTHOR =      Artukovic # and # Abunaim # and # Montini # and # Bothos # and # Tvrzsky # and # McNabola,
  TITLE =       {Peacox -- Server and Client Implementation},
  INSTITUTION = {{PEACOX} project} # comma # org-flu,
  YEAR =        {2013},
  TYPE =        rep-deliv,
  number =      {D6.2},
  address =     vienna,
  url =         {http://www.project-peacox.eu/uploads/media/peacox/public_deliverables/PEACOX_D6_2_Server_Client_Implementation_v1_0.pdf},
}

@TECHREPORT{Axhausen_TechRep_IVT_2000,
  AUTHOR =      Axhausen,
  TITLE =       {Activity-Based Modelling: Research Directions and Possibilities},
  INSTITUTION = uni-ethz-ivt # comma # uni-ethz,
  YEAR =        {2000},
  TYPE =        rep-wp,
  number =      {48},
  address =     zurich,
  url =         {http://www.ivt.ethz.ch/vpl/publications/reports/ab48.pdf},
}

@TECHREPORT{Axhausen_TechRep_IVT_2015,
  AUTHOR =      Axhausen,
  TITLE =       {{Kommentar SN 640003 Verkehrserhebungen: Methoden der Verkehrsbefragungen -- Schlussbericht VSS 2009/103}},
  INSTITUTION = uni-ethz-ivt # comma # uni-ethz,
  YEAR =        {2015},
  TYPE =        rep-wp-vpl,
  number =      {1064},
  address =     zurich,
  url =         {http://www.ivt.ethz.ch/vpl/publications/reports#1064},
}

@TECHREPORT{Axhausen_TechRep_IVT_2016,
  AUTHOR =      Axhausen,
  TITLE =       {Style guide for student dissertations},
  INSTITUTION = uni-ethz-ivt # comma # uni-ethz,
  YEAR =        {2016},
  TYPE =        rep-wp-vpl,
  number =      {1140},
  address =     zurich,
  url =         {},
}

@TECHREPORT{AxhausenEtAl_TechRep_IVT_2015,
  AUTHOR =      Axhausen # and # Schmid # and # Weis,
  TITLE =       {Predicting response rates updated},
  INSTITUTION = uni-ethz-ivt # comma # uni-ethz,
  YEAR =        {2015},
  TYPE =        rep-wp-vpl,
  number =      {1063},
  address =     zurich,
  url =         {http://www.ivt.ethz.ch/vpl/publications/reports#1063},
}

@TECHREPORT{AxhausenEtAl_TechRep_IVT_2015_2,
  AUTHOR =      Axhausen # and # Chikaraishi # and # Seya,
  TITLE =       {{Parking -- Learning from Japan}},
  INSTITUTION = uni-ethz-ivt # comma # uni-ethz,
  YEAR =        {2015},
  TYPE =        rep-wp-vpl,
  number =      {1095},
  address =     zurich,
  url =         {http://www.ivt.ethz.ch/vpl/publications/reports#1095},
}

@TECHREPORT{Axhausen_TechRep_TSU_1990,
  AUTHOR =      Axhausen,
  TITLE =       {Judging the Day: A Synthesis of the Literature on Measuring the Utility of Activity Patterns},
  INSTITUTION = uni-oxford-tsu # comma # uni-oxford,
  YEAR =        {1990},
  type =        rep-wp,
  number =      {561},
  address =     oxford,
}

@TECHREPORT{AxhauseniEtAl_FinalRep_MEST_1999,
  AUTHOR =      Axhausen # and # Youssefzadeh,
  TITLE =       {{MEST - Methods for European Surveys of Travel Behaviour}},
  INSTITUTION = uni-innsbruck,
  YEAR =        {1999},
  type =        rep-finalrep,
  address =     innsbruck,
}

@TECHREPORT{Axhausen_TechRep_TSMS_2013_SwissMetro,
  AUTHOR =      Axhausen,
  TITLE =       {{SwissMetro}},
  INSTITUTION = uni-ethz-ivt # comma # uni-ethz,
  YEAR =        {2013},
  type =        rep-tsms,
  number =      {42},
  address =     zurich,
  url =         {http://www.ivt.ethz.ch/vpl/publications/reports#910},
}

@TECHREPORT{Axhausen_TechRep_TSMS_2013_Univox99,
  AUTHOR =      Axhausen,
  TITLE =       {{Univox 1999 -- Fahrerlaubnisse, PW's und Abos: Die Dynamik von Erwerb und Nutzung}},
  INSTITUTION = uni-ethz-ivt # comma # uni-ethz,
  YEAR =        {2013},
  TYPE =        rep-tsms,
  number =      {33},
  address =     zurich,
  url =         {http://www.ivt.ethz.ch/vpl/publications/reports#904},
}

@TECHREPORT{Axhausen_TechRep_TSMS_2013_Univox01,
  AUTHOR =      Axhausen,
  TITLE =       {{Univox 2001 -- Der Verkehrsmarkt im Gleichgewicht?}},
  INSTITUTION = uni-ethz-ivt # comma # uni-ethz,
  YEAR =        {2013},
  TYPE =        rep-tsms,
  number =      {34},
  address =     zurich,
  url =         {http://www.ivt.ethz.ch/vpl/publications/reports#905},
}


@TECHREPORT{AxhausenSchuessler_TechRep_IVT_2007,
  AUTHOR =      Axhausen # and # Schuessler,
  TITLE =       {Similarity, Visibility and Similar Concepts: A Note},
  INSTITUTION = uni-ethz-ivt # comma # uni-ethz,
  YEAR =        {2007},
  TYPE =        rep-wp,
  number =      {458},
  address =     zurich,
}

@TECHREPORT{AxhausenWeis_TechRep_IVT_2009,
  AUTHOR =      Axhausen # and # Weis,
  TITLE =       {Predicting Response Rate: A Natural Experiment},
  INSTITUTION = uni-ethz-ivt # comma # uni-ethz,
  YEAR =        {2009},
  TYPE =        rep-wp,
  number =      {549},
  address =     zurich,
}

@TECHREPORT{Axhausen_TechRep_IFV_1989,
  AUTHOR =      Axhausen,
  TITLE =       {{Eine ereignisorientierte Simulation von Aktivitätenketten zur Parkstandswahl (A Simultaneous Simulation of Activity Chains)}},
  INSTITUTION = uni-karlsruhe-ifv # comma # uni-karlsruhe,
  YEAR =        {1989},
  type =        rep-schriftenreihe,
  number =      {40},
  address =     karlsruhe,
}

@TECHREPORT{Axhausen_WP_IVT_2016,
  AUTHOR =      Axhausen,
  TITLE =       {Style guide for student dissertations},
  INSTITUTION = uni-ethz-ivt # comma # uni-ethz,
  YEAR =        {2016},
  TYPE =        rep-wp,
  number =      {1140},
  address =     zurich,
}


% B %%%%%%%%%%%%%%%%%%%%%%%%%%%%%%%%%%%%%%%%%%%%%%%%%%%%%%%%%%%%%%%%%%

@TECHREPORT{Baass_TechRep_IFV_1985,
  AUTHOR =      Baass,
  TITLE =       {{Ermittlung eines optimalen Grünbandes auf Hauptverkehrsstrassen}},
  INSTITUTION = uni-karlsruhe-ifv # comma # uni-karlsruhe,
  YEAR =        {1985},
  type =        rep-schriftenreihe,
  number =      {31},
  address =     karlsruhe,
}

@TECHREPORT{BalacAxhausen_TechRep_IVT_2016,
  AUTHOR =      Balac # and # Axhausen,
  TITLE =       {Activity rescheduling within a multi-agent transport simulation framework {(MATSim)}},
  INSTITUTION = uni-ethz-ivt # comma # uni-ethz,
  YEAR =        {2016},
  TYPE =        rep-wp-vpl,
  number =      {1180},
  address =     zurich,
  url =         {},
}

@TECHREPORT{BalacEtAl_TechRep_IVT_2013,
  AUTHOR =      Balac # and # Ciari # and # GenreGrandpierre # and # Voituret # and # Gueye # and # Michelon,
  TITLE =       {Decoupling accessibility and automobile mobility in urban areas},
  INSTITUTION = uni-ethz-ivt # comma # uni-ethz,
  YEAR =        {2013},
  type =        rep-wp-vpl,
  number =      {938},
  address =     zurich,
  url =         {http://www.ivt.ethz.ch/vpl/publications/reports#938},
}

@TECHREPORT{BalacEtAl_TechRep_IVT_2014,
  AUTHOR =      Balac # and # Ciari # and # Axhausen,
  TITLE =       {{Carsharing demand estimation: Case study of Zurich area}},
  INSTITUTION = uni-ethz-ivt # comma # uni-ethz,
  YEAR =        {2014},
  TYPE =        rep-wp-vpl,
  number =      {1020},
  address =     zurich,
  url =         {http://www.ivt.ethz.ch/vpl/publications/reports#1020},
}

@TECHREPORT{BalacEtAl_TechRep_IVT_2015,
  AUTHOR =      Balac # and # Ciari # and # Axhausen,
  TITLE =       {Evaluating the influence of parking space on the quality of service and the demand for one-way carsharing: a {Z}urich area case study},
  INSTITUTION = uni-ethz-ivt # comma # uni-ethz,
  YEAR =        {2015},
  TYPE =        rep-wp-vpl,
  number =      {1091},
  address =     zurich,
  url =         {http://www.ivt.ethz.ch/vpl/publications/reports#1091},
}

@TECHREPORT{Balmer_TechRep_ICOS_2002,
  AUTHOR =      Balmer,
  TITLE =       {Morphing Topologies Using Roadside Oriented Driver Simulation: Microsimulation of ``{C}entral'' Traffic Junction of {Z}urich},
  INSTITUTION = uni-ethz-icos # comma # uni-ethz,
  YEAR =        {2002},
  type =        rep-semprj,
  address =     zurich,
}

@TECHREPORT{Balmer_TechRep_IFVTI_2002,
  AUTHOR =      Balmer,
  TITLE =       {{Einführung in die Komplexität bei probabilistischen k-SAT Algorithmen}},
  INSTITUTION = uni-ethz-ifv # and # uni-ethz-ti # comma # uni-ethz,
  YEAR =        {2002},
  TYPE =        rep-semprj,
  address =     zurich,
  url =         {http://www.educeth.ch/lehrpersonen/informatik/unterrichtsmaterialien_inf/algorithmen_datenstrukturen/k_sat/index},
}

@TECHREPORT{Balmer_TechRep_IVT_2007,
  AUTHOR =      Balmer,
  TITLE =       {{IVT BibTeX-LaTeX} Workshop},
  INSTITUTION = uni-ethz-ivt # comma # uni-ethz,
  YEAR =        {2007},
  TYPE =        rep-wp,
  address =     zurich,
  url =         {http://www.ivt.ethz.ch/education/bibtex-latex-workshop.pdf},
}

@TECHREPORT{BalmerRieser_TechRep_IVT_2004,
  AUTHOR =      Balmer # and # Rieser,
  TITLE =       {Generating Daily Activity Chains from Origin-Destination Matrices},
  INSTITUTION = uni-ethz-ivt # comma # uni-ethz,
  YEAR =        {2004},
  TYPE =        rep-wp,
  number =      {243},
  address =     zurich,
  url =         {https://www.ivt.ethz.ch/vpl/publications/reports/index/edit/ab243.pdf},
}

@TECHREPORT{BalmerEtAl_TechRep_IVT_2008,
  AUTHOR =      Balmer # and # Meister # and # Rieser # and # Nagel # and # Axhausen,
  TITLE =       {Agent-based Simulation of Travel Demand: Structure and Computational Performance of {MATSim-T}},
  INSTITUTION = uni-ethz-ivt # comma # uni-ethz,
  YEAR =        {2008},
  TYPE =        rep-wp,
  number =      {504},
  address =     zurich,
  month =       jun,
  url =         {http://www.ivt.ethz.ch/vpl/publications/reports/ab504.pdf},
}

@TECHREPORT{BarthelemyToint_TechRep_GRTNamur_2010,
  AUTHOR =      Barthelemy # and # Toint,
  TITLE =       {Synthetic population generation in presence of data inconsistencies},
  CLIENT =      {FUNDP},
  INSTITUTION = uni-namur-grt # comma # uni-namur-naxys # comma # uni-namur,
  YEAR =        2010,
  TYPE =        rep-techrep,
  number =      {NAXYS-12-2010},
  address =     namur,
  url =         {http://www.fundp.ac.be/pdf/publications/71160.pdf},
  comment =     {accessed on 28/03/2011},
}

@TECHREPORT{BatesEtAl_TechRep_TSU_1990,
  author =      Bates # and # DaviesC # and # Goodwin # and # Kenny # and # Parkes # and # Richardson,
  title =       {Uncertainty and driver stress, report to the Department of Transport},
  institution = uni-oxford-tsu # comma # uni-oxford,
  year =        {1990},
  type =        rep-wp,
}

@TECHREPORT{BatesJWhelan_ITS_2001,
	AUTHOR =  BatesJ # and # Whelan,
	TITLE= {Size and sign of time savings},
	YEAR= 2001,
	ADDRESS= leeds,
	INSTITUTION=  uni-leeds # comma # uni-leeds-its,
	TYPE= rep-wp,


}

@TECHREPORT{Batsell_TechRep_JHJgSM_1981,
  AUTHOR =      Batsell,
  TITLE =       {A Multiattribute Extension of the Luce Model which Simultaneously Scales Utility and Substitutability},
  INSTITUTION = uni-rice-jhjgsm # comma # uni-rice,
  YEAR =        {1981},
  TYPE =        rep-wp,
  address =     houston,
}

@TECHREPORT{BauUndWohnungswesen_2010,
  AUTHOR =      "org-ssz",
  TITLE =       {{Bau- und Wohnungswesen (Jahrbuch 2010 Kapitel 9) }},
  INSTITUTION = org-ssz,
  YEAR =        {2010},
  TYPE =        rep-techrep,
  address =     zurich,
}

@TECHREPORT{BBSR_TechRep_2012,
  AUTHOR =      "org-bbsr",
  TITLE =       {{Raumordnungsbericht 2011}},
  INSTITUTION = org-bbsr,
  YEAR =        {2012},
  TYPE =        rep-techrep,
  address =     bonn,
}

@TECHREPORT{BeckerFAxhausen_TechRep_IVT_2016,
  AUTHOR =      BeckerF # and # Axhausen,
  TITLE =       {Literature review on behavioral experiments for autonomous vehicles},
  INSTITUTION = uni-ethz-ivt # comma # uni-ethz,
  YEAR =        {2016},
  TYPE =        rep-wp-vpl,
  number =      {1179},
  address =     zurich,
  url =         {},
}

@TECHREPORT{BeckEtAl_TechRep_IVT_2015,
  AUTHOR =      Beck # and # OjedaCabral # and # Ehreke # and # Hess,
  TITLE =       {{Valuing Travel Time Savings: A Case of Short-term or Long-term Choices?}},
  INSTITUTION = uni-ethz-ivt # comma # uni-ethz,
  YEAR =        {2015},
  TYPE =        rep-wp-vpl,
  number =      {1096},
  address =     zurich,
  url =         {http://www.ivt.ethz.ch/vpl/publications/reports#1096},
}

@TECHREPORT{BeckerEtAl_TechRep_DIVU_1999,
  AUTHOR =      BeckerU # and # Gerike # and # Voellings,
  TITLE =       {{Gesellschaftliche Ziele von und für Verkehr}},
  INSTITUTION = org-divu,
  YEAR =        {1999},
  TYPE =        rep-schriftenreihe,
  number =      {1},
  address =     dresden,
}

@TECHREPORT{BeckerHEtAl_TechRep_IVT_2015,
  AUTHOR =      BeckerH # and # Ciari # and # Axhausen,
  TITLE =       {{Comparing Car-Sharing Schemes in Switzerland: User Groups and Usage Patterns}},
  INSTITUTION = uni-ethz-ivt # comma # uni-ethz,
  YEAR =        {2015},
  TYPE =        rep-wp-vpl,
  number =      {1092},
  address =     zurich,
  url =         {http://www.ivt.ethz.ch/vpl/publications/reports#1092},
}

@TECHREPORT{BeckmannEtAl_TechRep_2007,
  AUTHOR =      Beckmann # and # Brueggemann # and # Graeffe # and # Huber # and # Meiners # and # Mieth # and # Moeckel # and # Muehlhans # and # Rindsfueser # and # Schaub # and # Schrader # and # Schuermann # and # Schwarze # and # Spiekermann # and # Strauch # and # Spahn # and #WagnerP # and # Wegener,
  TITLE =       {ILUMASS: Integrated Land Use Modelling and Transportation System Simulation},
  INSTITUTION = uni-tudo # comma # uni-tudo-irpud # and # org-sw # and # uni-koeln # comma # uni-koeln-zaik # and # uni-rwth # comma # uni-rwth-isb # and # uni-bamberg # comma # uni-bamberg-itp # and # org-dlr # comma # org-dlr-ivf # and # uni-wuppertal # comma # uni-wuppertal-luis,
  YEAR =        {2007},
  TYPE =        rep-finalrep,
  address =     berlin,
}

@TECHREPORT{Beige_TechRep_IVT_2005,
  AUTHOR =      Beige # and # Axhausen,
  TITLE =       {{Feldbericht} der {Befragung} zur langfristigen räumlichen {Mobilität}},
  INSTITUTION = uni-ethz-ivt # comma # uni-ethz,
  YEAR =        {2005},
  TYPE =        rep-wp,
  number =      {315},
  address =     zurich,
  url =         {http://www.ivt.ethz.ch/vpl/publications/reports#315},
}

@TECHREPORT{Beige_TechRep_TSMS_2013,
  AUTHOR =      Beige,
  TITLE =       {Long-term and mid-term mobility during the life course},
  INSTITUTION = uni-ethz-ivt # comma # uni-ethz,
  YEAR =        {2013},
  TYPE =        rep-tsms,
  number =      {28},
  address =     zurich,
  url =         {http://www.ivt.ethz.ch/vpl/publications/reports#887},
}

@TECHREPORT{BeigeAxhausen_TechRep_TSMS_2013_Univox03_1,
  AUTHOR =      Beige # and # Axhausen,
  TITLE =       {{Univox 2003 -- Besitz von Mobilitätsressourcen und deren Nutzung sowie Änderungen des Wohnortes}},
  INSTITUTION = uni-ethz-ivt # comma # uni-ethz,
  YEAR =        {2013},
  TYPE =        rep-tsms,
  number =      {35},
  address =     zurich,
  url =         {http://www.ivt.ethz.ch/vpl/publications/reports#906},
}

@TECHREPORT{BeigeAxhausen_TechRep_TSMS_2013_Univox03_2,
  AUTHOR =      Beige # and # Axhausen,
  TITLE =       {{Univox 2003 -- Vertiefte Auswertungen zur langfristigen räumlichen Mobilität}},
  INSTITUTION = uni-ethz-ivt # comma # uni-ethz,
  YEAR =        {2013},
  TYPE =        rep-tsms,
  number =      {36},
  address =     zurich,
  url =         {http://www.ivt.ethz.ch/vpl/publications/reports#907},
}

@TECHREPORT{BeigeAxhausen_TechRep_TSMS_2013_Univox05,
  AUTHOR =      Beige # and # Axhausen,
  TITLE =       {{Univox 2005 -- Besitz und Nutzung von Mobilitätsressourcen sowie Einstellungen zum Road Pricing in der Schweiz}},
  INSTITUTION = uni-ethz-ivt # comma # uni-ethz,
  YEAR =        {2013},
  TYPE =        rep-tsms,
  number =      {37},
  address =     zurich,
  url =         {http://www.ivt.ethz.ch/vpl/publications/reports#908},
}

@TECHREPORT{BenAkiva_TechRep_MIT_DCEE_1974,
  AUTHOR =      BenAkiva,
  TITLE =       {Note on the Specification of a Logit Model with Utility Functions That Include Attributes of Competing Alternatives},
  INSTITUTION = uni-mit-dcee # comma # uni-mit,
  YEAR =        {1974},
  TYPE =        rep-wp,
  address =     cambridge-ma,
}

@TECHREPORT{BenAkivaBolduc_TechRep_MIT_DCEE_1996,
  AUTHOR =      BenAkiva # and # Bolduc,
  TITLE =       {Multinomial Probit with a Logit Kernel and a General Parametric Specification of the Covariance Structure},
  INSTITUTION = uni-mit-dcee # comma # uni-mit,
  YEAR =        {1996},
  TYPE =        rep-wp,
  address =     cambridge-ma,
}

@TECHREPORT{Bfs_TechRep_BFS_1996,
  AUTHOR =      "org-gseved" # and # "org-bfs",
  TITLE =       {{V}erkehrsverhalten in der {S}chweiz 1994: {M}ikrozensus {V}erkehr 1994},
  INSTITUTION = org-gseved # and # org-bfs,
  YEAR =        {1996},
  type =        rep-resrep,
  address =     bern,
  url =         {http://www.bfs.admin.ch/bfs/portal/de/index/themen/verkehr_und_nachrichtenwesen/nutz_verk_inf/verkehrsverhalten/publikationen.html?publicationID=1237},
}

@TECHREPORT{BFS_TechRep_BFS_2009,
  AUTHOR =      "org-bfs",
  TITLE =       {{Statistik des jährlichen Bevölkerungsstandes (ESPOP) und der natürlichen Bevölkerungsbewegung (BEVNAT) 2008}},
  INSTITUTION = org-bfs,
  YEAR =        {2009},
  TYPE =        rep-techrep,
  address =     neuchatel,
}

@TECHREPORT{BFS_TechRep_BFS_2010,
  AUTHOR =      "org-bfs",
  TITLE =       {{Szenarien zur Bevölkerungsentwicklung der Schweiz}},
  INSTITUTION = org-bfs,
  YEAR =        {2010},
  TYPE =        rep-techrep,
  address =     neuchatel,
}

%% scadine: This was BhatEluru_TechRep_InstAcronym_2008 before. I changed the key because the old key was wrong.
%% Please always replace the "InstAcronym"!!!
%% I searched for papers where this entry was cited, but found none. If you forgot to commit your paper, you have to change the key yourself.
@TECHREPORT{BhatEluru_TechRep_UTA_DCAEE_2008,
  AUTHOR =      Bhat # and # Eluru,
  TITLE =       {Procedure to Generate Uniform Random Variates from Each Copula},
  INSTITUTION = uni-uta-dcaee # comma # uni-uta,
  YEAR =        {2008},
  TYPE =        rep-wp,
  address =     austin,
  month =       jun,
}

@TECHREPORT{BhatEtAl_TechRep_UTA_2002,
  AUTHOR =      Bhat # and # Handy # and # Kockelman # and # Mahmassani # and # GopalA # and # Srour # and # Weston,
  TITLE =       {{Development of an Urban Accessibility Index: Formulations, Aggregation, and Application}},
  INSTITUTION = uni-uta,
  YEAR =        {2002},
  TYPE =        rep-wp,
  number =      {Report 7-4938-4},
  address =     austin,
  month =       oct,
}

@TECHREPORT{BMVI_TechRep_BVWP_2016a,
  AUTHOR =      {BMVI},
  TITLE =       {{Bundesverkehrswegeplan 2030 - Gesamtplan August 2016}},
  INSTITUTION = org-bmvi,
  YEAR =        {2016},
  TYPE =        rep-finalrep,
  address =     berlin,
  month =       aug,
  url =         {http://f-cdn-o-002.l.farm.core.cdn.streamfarm.net/18004initag/ondemand/3706initag/bmvi/bvwp2030/konzeption/20160803_bvwp_2030.pdf},
}

@TECHREPORT{BMVI_TechRep_BVWPMH_2016,
  AUTHOR =      {{PTV}} # and # {{PTV Transport Consult}}  # and # {{TCI Röhling}} # and # {{Hans-Ulrich Mann}},
  TITLE =       {{Methodenhandbuch zum Bundesverkehrswegeplan 2030 - Entwurfsfassung für das Bundesministerium für Verkehr und digitale Infrastruktur}},
  INSTITUTION = org-bmvi,
  YEAR =        {2016},
  TYPE =        rep-prelim,
  address =     berlin,
  month =       mar,
  url =         {http://f-cdn-o-002.l.farm.core.cdn.streamfarm.net/18004initag/ondemand/3706initag/bmvi/bvwp2030/bvwp-2030-methodenhandbuch.pdf},
}

@TECHREPORT{BMVI_TechRep_BVWP_2016,
  AUTHOR =      {{BMVI}},
  TITLE =       {{Bundesverkehrswegeplan 2030 - Entwurf März 2016}},
  INSTITUTION = org-bmvi,
  YEAR =        {2016},
  TYPE =        rep-prelim,
  address =     berlin,
  month =       mar,
  url =         {http://f-cdn-o-002.l.farm.core.cdn.streamfarm.net/18004initag/ondemand/3706initag/bmvi/bvwp2030/bvwp-2030-referentenentwurf.pdf},
}

@TECHREPORT{BMVBS_TechRep_BVWP_2003,
  AUTHOR =      {{BMVBS}},
  TITLE =       {{Bundesverkehrswegeplan 2003}},
  INSTITUTION = org-bmvbs,
  YEAR =        {2003},
  TYPE =        rep-finalrep,
  address =     berlin,
  month =       jul,
  url =         {https://www.bmvi.de/SharedDocs/DE/Anlage/VerkehrUndMobilitaet/Schiene/2003/bundesverkehrswege-plan-2003-beschluss-der-bundesregierung-vom-02-juli-2003.pdf?__blob=publicationFile},
}

@TECHREPORT{BoerjessonEliasson_CTS_2012,
	AUTHOR =  Boerjesson # and # Eliasson,
	TITLE= {Experiences from the Swedish Value of Time study},
	YEAR= 2012,
	ADDRESS=  stockholm,
	INSTITUTION=  uni-kth # comma # uni-kth-cts,
	NUMBER=  {2012:8},
	TYPE= rep-wp,


}

@TECHREPORT{CarrionMaderaLevinson_Nexus_2010,
	AUTHOR =  CarrionMadera # and # Levinson,
	TITLE= {Value of travel time reliability: A review of current evidence},
	YEAR= 2010,
	ADDRESS=  minneapolis,
	INSTITUTION=  uni-min  # and # uni-min-nexus,
	NUMBER=  {85},
	TYPE= rep-wp,


}

@TECHREPORT{FowkesEtAl_ITS_1986,
	AUTHOR =  Fowkes # and # MarksP # and # NashCA,
	TITLE= {The Value of Business Travel Time Savings},
	YEAR= 1986,
	ADDRESS= leeds,
	INSTITUTION=  uni-leeds # comma # uni-leeds-its,
	TYPE= rep-wp,
	number={214},


}

@TECHREPORT{Grossmann_TechRep_Heft_596,
  AUTHOR =      Grossmann,
  TITLE =       {{Aktualisertes Berechnungsverfahren für Knotenpunkte ohne Lichtsignalanlagen}},
  INSTITUTION = org-bfv,
  YEAR =        {1991},
  TYPE =        rep-schriftenreihe,
  number =      {Heft~596},
  address =     bonn,
}

%% scadine: This was BidingLind_TechRep_InstAcronym_2002 before. I changed the key because the old key was wrong.
%% Please always replace the "InstAcronym"!!!
@TECHREPORT{BidingLind_TechRep_VAEGV_2002,
  AUTHOR =      Biding # and # Lind,
  TITLE =       {{Intelligent Stöd för Anpassning av hastighet (ISA), Resultat av storskalig försöksverksamhet i Borlänge, Lidköping, lund och Umea under perioden 1999--2002}},
  INSTITUTION = org-vaegv,
  YEAR =        {2002},
  TYPE =        rep-resrep,
  address =     borlaenge,
}

@TECHREPORT{BiegerLaesser_TechRep_TMS_2008,
  AUTHOR =      Bieger # and # Laesser,
  TITLE =       {Travel Market {S}witzerland 2007},
  INSTITUTION = uni-hsg-svwg,
  YEAR =        {2008},
  TYPE =        rep-resrep,
  address =     StGallen,
  url =         {http://www.alexandria.unisg.ch/Publikationen/46512},
}

@TECHREPORT{BierlaireFrejinger_TechRep_TRANSPOR_2007,
  AUTHOR =      Bierlaire # and # Frejinger,
  TITLE =       {Technical Note: A Stochastic Choice Set Generation Algorithm},
  INSTITUTION = uni-epfl-transpor # comma # uni-epfl,
  YEAR =        {2007},
  TYPE =        rep-wp,
  number =      {070213},
  address =     lausanne,
}

@TECHREPORT{BleischFroehlich_TechRep_BAK_2003,
  AUTHOR =      Bleisch # and # Froehlich,
  TITLE =       {{Die Erreichbarkeit von Regionen}},
  INSTITUTION = {IBC Modul Erreichbarkeit Phase 1} # comma # org-bak,
  YEAR =        {2003},
  TYPE =        rep-resrep,
  address =     basel,
}

@TECHREPORT{BlindeSchlich_TechRep_IVT_2000,
  AUTHOR =      Blinde # and # Schlich,
  TITLE =       {{Freizeitmobilität und Wohnsituation - Eine empirische Untersuchung zum Einfluss von Wohnsituation und Wohnzufriedenheit auf die Freizeitmobilität junger Menschen}},
  INSTITUTION = uni-ethz-ivt # comma # uni-ethz,
  YEAR =        {2000},
  TYPE =        rep-wp,
  number =      {54},
  address =     zurich,
  url =         {https://www.ivt.ethz.ch/vpl/publications/reports/index/edit/ab54.pdf},
}

@MISC{BMVBS_TechRep_2011,
	AUTHOR = "org-bmvbs",
	TITLE=  {{Verkehr in Zahlen 2011/2012}},
	YEAR= 2011,
	address =     berlin,
	INSTITUTION = org-bmvbs,
}



@TECHREPORT{Bockemuehl_TechRep_UH_2014,
  AUTHOR =      Bockemuehl,
  TITLE =       {{MORBAMS - setting up a regional MATSim model}},
  INSTITUTION = {Hasselt University},
  YEAR =        {2014},
  TYPE =        rep-techrep,
  number =      {},
  address =     {Hasselt},
  url =         {},
}

@TECHREPORT{Bodenmann_TechRep_IVT_2005,
  AUTHOR =      Bodenmann,
  TITLE =       {{Modelle zur Standortwahl von Unternehmen}},
  INSTITUTION = uni-ethz-ivt # comma # uni-ethz,
  YEAR =        {2005},
  TYPE =        rep-wp,
  number =      {336},
  address =     zurich,
  url =         {https://www.ivt.ethz.ch/vpl/publications/reports/index/edit/ab336.pdf},
}

@TECHREPORT{Bodenmann_TechRep_TSMS_2013,
  AUTHOR =      Bodenmann,
  TITLE =       {{Location choice of firms with special emphasis on spatial accessibility: Enterprise Database SG/AR/AI}},
  INSTITUTION = uni-ethz-ivt # comma # uni-ethz,
  YEAR =        {2013},
  type =        rep-tsms,
  number =      {49},
  address =     zurich,
  url =         {http://www.ivt.ethz.ch/vpl/publications/reports#911},
}

@TECHREPORT{BodenmannAxhausen_TechRep_SustainCity_2010,
  AUTHOR =      Bodenmann # and # Axhausen,
  TITLE =       {Synthesis report on the state of the art on firmographics},
  INSTITUTION = {{SustainCity} project} # comma # uni-ethz-ivt # comma # uni-ethz,
  YEAR =        {2010},
  TYPE =        rep-wp,
  number =      {2.3},
  address =     zurich,
}

@TECHREPORT{BodenmannEtAl_TechRep_FaLC_2015,
  AUTHOR =      Bodenmann # and # Bode # and # SanchezB # and # Zeiler # and # Furtak # and # Kuljovsky # and # Vecchi # and # Axhausen,
  TITLE =       {{An Integrated Land Use Model for Switzerland - Detailed Description of the FaLC Template 2015}},
  INSTITUTION = org-regioconcept # and # uni-ethz-ivt,
  YEAR =        {2015},
  type =        {{FaLC }} # rep-wp,
  number =      {03},
  address =     herisau # and # zurich,
  url =         {http://www.ivt.ethz.ch/vpl/publications/reports#1105},
}

@TECHREPORT{BoehmeEigenhueller_TechRep_IAB_2006,
  AUTHOR =      Boehme # and # Eigenhueller,
  TITLE =       {{Pendlerbericht Bayern}},
  INSTITUTION = {IAB: Institut für Arbeitsmarkt- und Berufsforschung der Bundesagentur für Arbeit},
  YEAR =        {2006},
  TYPE =        rep-techrep,
  number =      {},
  address =     {Nürnberg},
  url =         {},
}

@TECHREPORT{BoeschEtAl_TechRep_ToPDAd_2014,
  AUTHOR =      Boesch # and # Ciari # and # Perrels,
  TITLE =       {Overview of system responsiveness to climate change impacts in energy, transport and tourist sectors},
  INSTITUTION = {ToPDAd Consortium Partners},
  YEAR =        {2014},
  TYPE =        {ToPDAd } # rep-deliv,
  number =      {2.3},
  address =     {S.I.},
  url =         {http://www.ivt.ethz.ch/vpl/publications/reports#989},
}

@TECHREPORT{BoeschEtAl_TechRep_IVT_2015,
  AUTHOR =      Boesch # and # Ciari # and # Axhausen,
  TITLE =       {Required autonomous vehicle fleet sizes to serve different levels of demand},
  INSTITUTION = uni-ethz-ivt # comma # uni-ethz,
  YEAR =        {2015},
  TYPE =        rep-wp-vpl,
  number =	{1089},
  address =     zurich,
  url =		{http://www.ivt.ethz.ch/vpl/publications/reports#1089},
}

@TECHREPORT{BowmanEtAl_TechRep_BRC_2002,
  AUTHOR =      Bowman # and # Gopinath # and # BenAkiva,
  TITLE =       {Estimating the Probability Distribution of a Travel Demand Forecast},
  INSTITUTION = {Transportation Systems and Decision Sciences Bowman Research and Consulting },
  YEAR =        {2002},
  TYPE =        rep-wp,
  address =     {Brookline, MA},
}

@TECHREPORT{BreitensteinEtAl_TechRep_BfS_2000,
  AUTHOR =       Breitenstein # and # Joye # and # GrafM # and # JoyeC # and # KaufmannR,
  TITLE =        {{Public Use Samples (PUS): Public-Use-Stichproben der schweizerischen Volkszählungen 1970, 1980, 1990 und 2000}},
  INSTITUTION =  org-bfs,
  YEAR =         {2000},
  TYPE =         rep-techrep,
  url =          {http://www.portal-stat.admin.ch/pus/docs/PUS_2_d.pdf},
  address =      bern,
  note =         {\url{http://www.portal-stat.admin.ch/pus/docs/PUS_2_d.pdf}, accessed on 29/03/2011},
}

@TECHREPORT{BrilonGeistefeldt_TechRep_DFG_2007,
  AUTHOR =       Brilon # and # Geistefeldt,
  TITLE =        {{Modellierung von Dauerlinien und Ganglinien der Verkehrsnachfrage im Autobahnnetz, Schlussbericht}},
  INSTITUTION =  org-dfg,
  YEAR =         {2007},
  TYPE =         rep-techrep,
   address =     bochum,
}

@TECHREPORT{BuergleLoechl_TechRep_TSMS_2013,
  AUTHOR =      Buergle # and # Loechl,
  TITLE =       {{ZUK} -- residential location choice},
  INSTITUTION = uni-ethz-ivt # comma # uni-ethz,
  YEAR =        {2013},
  TYPE =        rep-tsms,
  number =      {30},
  address =     zurich,
  url =         {http://www.ivt.ethz.ch/vpl/publications/reports#889},
}

@TECHREPORT{Buergle_TechRep_NSL_2007,
  AUTHOR =      Buergle,
  TITLE =       {{S}ynthese von {H}aushaltsdaten für den {K}anton {Z}ürich},
  INSTITUTION = uni-ethz-ivt # comma # uni-ethz-nsl # comma # {Polyprojekt Zukunft urbane Kulturlandschaften},
  YEAR =        {2007},
  TYPE =        rep-wp,
  number =      {9},
  address =     zurich,
}

@TECHREPORT{BVE_TechRep_2008,
  AUTHOR =      {{Construction Transport and Energy Department Canton Bern}},
  TITLE =       {{ZMB Bern Gesamtsynthese}},
  INSTITUTION = org-bve,
  YEAR =        {2008},
  TYPE =        rep-wp,
  number =      {},
  address =     bern,
}

@TECHREPORT{BVUTNS_TechRep_2014,
  AUTHOR =      {{BVU}} # and # {{TNS Infratest}},
  TITLE =       {{FE96.1002/2012: Entwicklung eines Modells zur Berechnung von modalen Verlagerungen im Güterverkehr für die Ableitung konsistenter Bewertungsansätze für die Bundesverkehrswegeplanung}},
  INSTITUTION = org-bmvi,
  YEAR =        {2014},
  TYPE =        rep-prelim,
  address =     berlin,
}

% C %%%%%%%%%%%%%%%%%%%%%%%%%%%%%%%%%%%%%%%%%%%%%%%%%%%%%%%%%%%%%%%%%%

@TECHREPORT{CSI_TechRep_2013,
  AUTHOR =      org-csi,
  TITLE =       {{Processing of California Household Travel Survey Data for Model Calibration and Validation}},
  INSTITUTION = org-chsra,
  YEAR =        {2013},
  TYPE =        rep-techrep,
  address =     losangeles,
}

@TECHREPORT{CaoJEtAl_TechRep_IVT_2014,
  AUTHOR =      CaoJ # and # Menendez # and # Nikias,
  TITLE =       {{The Effects of On-street Parking on the Service Rate of Nearby Intersections}},
  INSTITUTION = uni-ethz-ivt # comma # uni-ethz,
  YEAR =        {2014},
  TYPE =        rep-wp-svt,
  number =      {62},
  address =     zurich,
  url =         {http://www.ivt.ethz.ch/svt/publications/papers#62},
}

@TECHREPORT{CaoMenendez_TechRep_IVT_2014,
  AUTHOR =      CaoJ # and # Menendez,
  TITLE =       {Generalized effects of on-street parking maneuvers on the performance of nearby signalized intersections},
  INSTITUTION = uni-ethz-ivt # comma # uni-ethz,
  YEAR =        {2014},
  TYPE =        rep-wp-svt,
  number =      {73},
  address =     zurich,
  url =         {http://www.ivt.ethz.ch/svt/publications/papers#73},
}

@TECHREPORT{CaoMenendez_TechRep_IVT_2014_2,
  AUTHOR =      CaoJ # and # Menendez,
  TITLE =       {A Parking-State-Based Transition Matrix of Traffic on Urban Networks},
  INSTITUTION = uni-ethz-ivt # comma # uni-ethz,
  YEAR =        {2014},
  TYPE =        rep-wp-svt,
  number =      {74},
  address =     zurich,
  url =         {http://www.ivt.ethz.ch/svt/publications/papers#74},
}

@TECHREPORT{CaoJMenendez_TechRep_IVT_2015,
  AUTHOR =      CaoJ # and # Menendez,
  TITLE =       {Cruising for parking: causes, effects, and control strategies },
  INSTITUTION = uni-ethz-ivt # comma # uni-ethz,
  YEAR =        {2015},
  TYPE =        rep-wp-svt,
  number =      {103},
  address =     zurich,
  url =         {http://www.ivt.ethz.ch/svt/publications/papers#103},
}

@TECHREPORT{CasatiEtAl_TechRep_IVT_2014,
  AUTHOR =      Casati # and # MuellerK # and # Fourie # and # Erath # and # Axhausen,
  TITLE =       {Synthetic population generation by combining a hierarchical, simulation-based approach with reweighting by generalized raking},
  INSTITUTION = uni-ethz-ivt # comma # uni-ethz,
  YEAR =        {2014},
  TYPE =        rep-wp-vpl,
  number =      {1016},
  address =     zurich,
  url =         {http://www.ivt.ethz.ch/vpl/publications/reports#1016},
}

@TECHREPORT{CascettaEtAl_TechRep_IVT_2007,
  AUTHOR =      Cascetta # and # Pagliara # and # Axhausen,
  TITLE =       {Dominance Attributes for Alternatives' Perception in Choice Set Formation},
  INSTITUTION = uni-ethz-ivt # comma # uni-ethz,
  YEAR =        {2007},
  TYPE =        rep-wp,
  number =      {371},
  address =     zurich,
  url =         {https://www.ivt.ethz.ch/vpl/publications/reports/index/edit/ab371.pdf},
}

@TECHREPORT{CFD_TRB_2007,
  AUTHOR =      {{TRB}},
  TITLE =       {Metropolitan Travel Forecastig: Current Practice and Future Direction},
  INSTITUTION = org-cfd # comma # org-trb,
  YEAR =        {2007},
  volume =      {288},
  TYPE =        {Special Report},
  address =     washington,
}

@TECHREPORT{CFT_TechRep_TRB_2006,
  AUTHOR = 	  {{CFT}},
  TITLE =     {The Fuel Tax and Alternatives for Transportation Funding},
  INSTITUTION = org-cft # comma # org-trb,
  YEAR =      {2006},
  TYPE =	  rep-techrep,
  volume =    {285},
  series =    {Special Report},
  address =   washington,
}(2015) Comparing Car-Sharing Schemes in Switzerland: User Gro

@TECHREPORT{Chakirov_TechRep_FCL_2011,
  AUTHOR =      Chakirov # and # Erath,
  TITLE =       {Use of public transport smart card fare payment data for travel behaviour analysis in {S}ingapore},
  INSTITUTION = sec-fcl # comma # sec,
  YEAR =        {2011},
  TYPE =        rep-wp,
  number =      {3},
  address =     singapore,
}

@TECHREPORT{ChakirovFourie_TechRep_FCL_2014,
  AUTHOR =      Chakirov # and # Fourie,
  TITLE =       {{Enriched Sioux Falls Scenario with Dynamic and Disaggregate Demand}},
  INSTITUTION = sec-fcl # comma # sec,
  YEAR =        {2014},
  TYPE =        rep-wp,
  address =     singapore,
  url =         {http://www.ivt.ethz.ch/vpl/publications/reports#978},
}

@TECHREPORT{ChalasaniAxhausen_TechRep_TSMS_2004,
  AUTHOR =      Chalasani # and # Axhausen,
  TITLE =       {Mobidrive: a Six Weeks Travel Diary},
  INSTITUTION = uni-ethz-ivt # comma # uni-ethz,
  YEAR =        {2004},
  TYPE =        rep-tsms,
  number =      {2},
  address =     zurich,
  url =         {http://www.ivt.ethz.ch/vpl/publications/reports/ab204.pdf},
}

@TECHREPORT{Charypar_TechRep_IVT_2014,
  AUTHOR =      Charypar,
  TITLE =       {{PISim: A Parallelization Framework for Interaction Simulations}},
  INSTITUTION = uni-ethz-ivt # comma # uni-ethz,
  YEAR =        {2014},
  TYPE =        rep-wp-vpl,
  number =      {985},
  address =     zurich,
  url =         {http://www.ivt.ethz.ch/vpl/publications/reports#985},
}

@TECHREPORT{CharyparEtAl_TechRep_IVT_2010,
  AUTHOR =      Charypar # and # Horni # and # Axhausen,
  TITLE =       {Pushing the Limits: A Concept of a Parallel Microsimulation Framework},
  INSTITUTION = uni-ethz-ivt # comma # uni-ethz,
  YEAR =        {2010},
  TYPE =        rep-wp,
  number =      {640},
  address =     zurich,
}

@TECHREPORT{ChaumetEtAl_2006,
  AUTHOR =      Chaumet # and # Axhausen # and # Bernard # and # Bruns # and # Locher # and # Imhoff,
  TITLE =       {{Verfahren zur Berücksichtigung der Zuverlässigkeit in Evaluationen}},
  INSTITUTION = org-svi,
  YEAR =        {2006},
  type =        rep-resrep,
  number =      {2002/002},
  address =     zurich,
}

@TECHREPORT{ChikaraishiEtAl_TechRep_IVT_2009,
  AUTHOR =      Chikaraishi # and # Zhang # and # Fujiwara # and # Axhausen,
  TITLE =       {Exploring Variation Properties of Time Use Behavior Based on a {M}ultilevel {M}ultiple {D}iscrete-{C}ontinuous {E}xtreme {V}alue model},
  INSTITUTION = uni-ethz-ivt # comma # uni-ethz,
  YEAR =        {2009},
  TYPE =        rep-wp,
  number =      {571},
  address =     zurich,
}

@TECHREPORT{ChiuEtAl_TechRep_TRB_2010,
  AUTHOR =      Chiu # and # BottomJ # and # Mahut # and # Paz # and # Balakrishna # and # Waller # and # HicksJ,
  TITLE =       {A Primer for {D}ynamic {T}raffic {A}ssignment},
  INSTITUTION = {ADB30 Transportation Network Modeling Committee, Transportation Research Board},
  YEAR =        {2010},
  TYPE =        rep-techrep,
  address =     washington,
}

@TECHREPORT{Ciari_TechRep_IVT_2013,
  AUTHOR =      Ciari,
  TITLE =       {Frequency distribution of daily travel distances: a study based on {S}wiss and {G}erman data},
  INSTITUTION = uni-ethz-ivt # comma # uni-ethz,
  YEAR =        {2013},
  TYPE =        rep-wp-vpl,
  number =      {854},
  address =     zurich,
}

@TECHREPORT{CiariAxhausen_TechRep_IVT_2012,
  AUTHOR =      Ciari # and # Axhausen,
  TITLE =       {Carpooling in {S}witzerland: Public attitudes and growth strategies},
  INSTITUTION = uni-ethz-ivt # comma # uni-ethz,
  YEAR =        {2012},
  TYPE =        rep-wp-vpl,
  number =      {803},
  address =     zurich,
}

@TECHREPORT{CiariAxhausen_TechRep_IVT_2012_b,
  AUTHOR =      Ciari # and # Axhausen,
  TITLE =       {Carsharing membership: A model for {S}witzerland},
  INSTITUTION = uni-ethz-ivt # comma # uni-ethz,
  YEAR =        {2012},
  TYPE =        rep-wp-vpl,
  number =      {742},
  address =     zurich,
}

@TECHREPORT{CiariAxhausen_TechRep_IVT_2011,
  AUTHOR =      Ciari # and # Axhausen,
  TITLE =       {Choosing Carpooling or Car Sharing as a Mode: Swiss Stated Choice Experiments},
  INSTITUTION = uni-ethz-ivt # comma # uni-ethz,
  YEAR =        {2011},
  TYPE =        rep-wp,
  number =      {694},
  address =     zurich,
}

@TECHREPORT{CiariAxhausen_TechRep_IVT_2011_b,
  AUTHOR =      Ciari # and # Axhausen,
  TITLE =       {Modeling Location Decisions of Retailers With an Agent-Based Approach},
  INSTITUTION = uni-ethz-ivt # comma # uni-ethz,
  YEAR =        {2011},
  TYPE =        rep-wp-vpl,
  number =      {671},
  address =     zurich,
  url =		{http://dx.doi.org/10.3929/ethz-a-006686299},
}

@TECHREPORT{CiariAxhausen_TechRep_TSMS_2013_CarPool,
  AUTHOR =      Ciari # and # Axhausen,
  TITLE =       {{Carpooling Stated Preference (SP)}},
  INSTITUTION = uni-ethz-ivt # comma # uni-ethz,
  YEAR =        {2013},
  TYPE =        rep-tsms,
  number =      {46},
  address =     zurich,
  url =         {http://www.ivt.ethz.ch/vpl/publications/reports#897},
}

@TECHREPORT{CiariAxhausen_TechRep_TSMS_2013_CarShare,
  AUTHOR =      Ciari # and # Axhausen,
  TITLE =       {{Carsharing Stated Preference (SP)}},
  INSTITUTION = uni-ethz-ivt # comma # uni-ethz,
  YEAR =        {2013},
  TYPE =        rep-tsms,
  number =      {47},
  address =     zurich,
  url =         {http://www.ivt.ethz.ch/vpl/publications/reports#898},
}

@TECHREPORT{CiariEtAl_TechRep_IVT_2013,
  AUTHOR =      Ciari # and # Bock # and # Balmer,
  TITLE =       {{Modeling station-based and free-floating carsharing demand: a test case study for Berlin, Germany}},
  INSTITUTION = uni-ethz-ivt # comma # uni-ethz,
  YEAR =        {2013},
  TYPE =        rep-wp-vpl,
  number =      {935},
  address =     zurich,
  url =         {http://www.ivt.ethz.ch/ivt/vpl/publications/reports#935},
}

@TECHREPORT{CiariEtAl_TechRep_IVT_2014,
  AUTHOR =      Ciari # and # Balac # and # Balmer,
  TITLE =       {Modeling the effect of different pricing schemes on free-floating carsharing travel demand: test case study for {Zurich, Switzerland}},
  INSTITUTION = uni-ethz-ivt # comma # uni-ethz,
  YEAR =        {2014},
  TYPE =        rep-wp-vpl,
  number =	{979},
  address =     zurich,
  url =		{http://www.ivt.ethz.ch/vpl/publications/reports#979},
}

@TECHREPORT{CiariEtAl_TechRep_IVT_2015,
  AUTHOR =      Ciari # and # Balac # and # Axhausen,
  TITLE =       {Modeling carsharing with the agent-based simulation {MATSim}: state of the art, applications and future developments},
  INSTITUTION = uni-ethz-ivt # comma # uni-ethz,
  YEAR =        {2015},
  TYPE =        rep-wp-vpl,
  number =	{1090},
  address =     zurich,
  url =		{http://www.ivt.ethz.ch/vpl/publications/reports#1090},
}

@TECHREPORT{CiariWeis_TechRep_IVT_2013,
  AUTHOR =      Ciari # and # Weis,
  TITLE =       {{Carsharing membership in Switzerland: modeling the influence of socio-demographics and accessibility}},
  INSTITUTION = uni-ethz-ivt # comma # uni-ethz,
  YEAR =        {2013},
  TYPE =        rep-wp-vpl,
  number =      {886},
  address =     zurich,
  url =         {http://www.ivt.ethz.ch/ivt/vpl/publications/reports#886},
}

@TECHREPORT{ColomeSerra_TechRep_PFU_2000,
  AUTHOR =      Colome # and # Serra,
  TITLE =       {Supermarket Key Attributes and Location Decisions: A Comparative Study between {British} and {Spanish} Consumers},
  INSTITUTION = {Pompeu Fabra University},
  YEAR =        {2000},
  TYPE =        {Economic and Business Working Paper},
  number =      {469},
  address =     Barcelona,
}

@TECHREPORT{ContardoEtAl_TechRep_2012,
  AUTHOR =      Contardo # and # Morency # and # RousseauL,
  TITLE =       {Balancing a Dynamic Public Bike-Sharing System},
  INSTITUTION = org-cirrelt,
  YEAR =        {2012},
  month =       mar,
  TYPE =        rep-wp,
  address =     montreal,
}

@TECHREPORT{ContiSweetnam_TechRep_EIADOE_2008,
  AUTHOR =      Conti # and # Sweetnam,
  TITLE =       {Emissions of Greenhouse Gases in the {United States} 2007},
  INSTITUTION = org-eia # comma # org-doe,
  YEAR =        {2008},
  month =       dec,
  TYPE =        rep-techrep,
  address =     washington,
}


% D %%%%%%%%%%%%%%%%%%%%%%%%%%%%%%%%%%%%%%%%%%%%%%%%%%%%%%%%%%%%%%%%%%

@TECHREPORT{DattaSudhir_TechRep_2011,
  AUTHOR =      Datta # and # Sudhir,
  TITLE =       {Sleeping with the "Frenemy": The Agglomeration-Differentiation Tradeoff in Spatial Location Choice},
  INSTITUTION = uni-yale-management # comma # uni-yale,
  YEAR =        {2011},
  TYPE =        rep-wp,
  number =      {},
  address =     newhaven,
}

@TECHREPORT{Dayte_TechRep_IVT_2012,
  AUTHOR =      Datye,
  TITLE =       {Variability Analysis of Transport Microsimulations with {MATSim}},
  INSTITUTION = uni-ethz-ivt # comma # uni-ethz,
  YEAR =        {2012},
  TYPE =        rep-termrep,
  number =      {},
}

@TECHREPORT{DavidsonR_TechRep_JBEEC_1997,
  AUTHOR =      DavidsonR,
  TITLE =       {An Urban Earthquake Disaster Risk Index},
  INSTITUTION = uni-stanford-jbeec # comma # uni-stanford,
  YEAR =        {1997},
  TYPE =        rep-wp,
  number =      {121},
  address =     stanford,
}

@TECHREPORT{Delrosario_TechRep_NDRRMC_2011,
  AUTHOR =      DelRosario,
  TITLE =       {Effects of Tropical Depression "CRISING" (Shanshan)},
  INSTITUTION = {NDRRMC},
  YEAR =        {2011},
  TYPE =        rep-techrep,
  number =      {Update Sitrep No. 13 re},
  address =     {Quezon City},
}

@TECHREPORT{DeJongMensonides_TechRep_ITS_2003,
  AUTHOR =      DeJong # and # Mensonides,
  TITLE =       {Wearable {GPS} Device as a Data Collection Method for Travel Research},
  INSTITUTION = uni-syd-its # comma # uni-syd,
  YEAR =        {2003},
  TYPE =        rep-wp,
  number =      {ITS-WP-03-02},
  address =     sydney,
}

@TECHREPORT{Dft_TechRep_2015,
	AUTHOR =  {{Department for Transport}},
	TITLE= {Understanding and Valuing Impacts of Transport Investment: Values of Travel Time Savings.},
	INSTITUTION = org-dft,
	YEAR= 2015,
	url = {https://www.gov.uk/government/uploads/system/uploads/attachment_data/file/470998/Understanding_and_Valuing_Impacts_of_Transport_Investment.pdf},
	address = london,
	TYPE =        rep-techrep,
}

@TECHREPORT{Dessemontet_TechRep_TSMS_2013_DataHarmonization,
  AUTHOR =      Dessemontet,
  TITLE =       {{Changes in employment localization and accessibility: The case of Switzerland between 1939 and 2008 - Harmonization of Data}},
  INSTITUTION = uni-ethz-ivt # comma # uni-ethz,
  YEAR =        {2013},
  type =        rep-tsms,
  number =      {53},
  address =     zurich,
  url =         {http://www.ivt.ethz.ch/vpl/publications/reports#957},
}

@TECHREPORT{Dessemontet_TechRep_TSMS_2013_OriginalData,
  AUTHOR =      Dessemontet,
  TITLE =       {{Changes in employment localization and accessibility: The case of Switzerland between 1939 and 2008 - Original Data}},
  INSTITUTION = uni-ethz-ivt # comma # uni-ethz,
  YEAR =        {2013},
  type =        rep-tsms,
  number =      {51},
  address =     zurich,
  url =         {http://www.ivt.ethz.ch/vpl/publications/reports#955},
}

@TECHREPORT{Dessemontet_TechRep_TSMS_2013_RecomposedData,
  AUTHOR =      Dessemontet,
  TITLE =       {{Changes in employment localization and accessibility: The case of Switzerland between 1939 and 2008 - Recomposed Data}},
  INSTITUTION = uni-ethz-ivt # comma # uni-ethz,
  YEAR =        {2013},
  type =        rep-tsms,
  number =      {52},
  address =     zurich,
  url =         {http://www.ivt.ethz.ch/vpl/publications/reports#956},
}

@TECHREPORT{Diekmann_TechRep_OEAW_2002,
  AUTHOR =      Diekmann,
  TITLE =       {{Diagnose von Fehlerquellen und methodische Qualität in der sozialwissenschaftlichen Umfrageforschung}},
  INSTITUTION = org-oeaw,
  YEAR =        {2002},
  TYPE =        rep-wp,
  number =      {ITA-02-04},
  address =     vienna,
  url =         {http://www.oeaw.ac.at/ita/pdf/ita_02_04.pdf},
}

@TECHREPORT{Dobler_TechRep_IVT_2009,
  AUTHOR =      Dobler,
  TITLE =       {Implementations of Within Day Replanning in {MATSim-T}},
  INSTITUTION = uni-ethz-ivt # comma # uni-ethz,
  YEAR =        {2009},
  TYPE =        rep-wp,
  number =      {598},
  address =     zurich,
}

@TECHREPORT{Dobler_TechRep_IVT_2010,
  AUTHOR =      Dobler # and # Axhausen,
  TITLE =       {{Evakuation Schweizer Städte: Agenten-basierte Analyse - Zwischenbericht}},
  INSTITUTION = uni-ethz-ivt # comma # uni-ethz,
  YEAR =        {2011},
  TYPE =        rep-wp,
  number =      {659},
  address =     zurich,
}

@TECHREPORT{Dobler_TechRep_IVT_2011,
  AUTHOR =      Dobler # and # Axhausen,
  TITLE =       {Design and Implementation of a Parallel Queue-Based Traffic Flow Simulation},
  INSTITUTION = uni-ethz-ivt # comma # uni-ethz,
  YEAR =        {2011},
  TYPE =        rep-wp,
  number =      {732},
  address =     zurich,
}

@TECHREPORT{Dobler_TechRep_IVT_forth,
  AUTHOR =      Dobler # and # Axhausen,
  TITLE =       {Design and Implementation of a Parallel Queue-Based Traffic Flow Simulation},
  INSTITUTION = uni-ethz-ivt # comma # uni-ethz,
  YEAR =        forth,
  TYPE =        rep-wp,
  number =      {},
  address =     zurich,
}

@TECHREPORT{DoblerEtAl_TechRep_IVT_2014,
  AUTHOR =      Dobler # and # Horni # and # Axhausen,
  TITLE =       {Integration of Activity-Based and Agent-Based Models: Recent developments for Tel Aviv, Israel},
  INSTITUTION = uni-ethz-ivt # comma # uni-ethz,
  YEAR =        {2014},
  TYPE =        rep-wp-vpl,
  number =      {1027},
  address =     zurich,
  url =         {http://www.ivt.ethz.ch/vpl/publications/reports#1027},
}

@TECHREPORT{DoblerHorni_TechRep_IVT_2014,
  AUTHOR =      Dobler # and # Horni,
  TITLE =       {{Update and Extension of the MATSim Model of Tel Aviv}},
  INSTITUTION = uni-ethz-ivt # comma # uni-ethz,
  YEAR =        {2014},
  TYPE =        rep-wp-vpl,
  number =      {1003},
  address =     zurich,
  url =         {http://www.ivt.ethz.ch/vpl/publications/reports#1003},
}

@TECHREPORT{DubernetAxhausen_TechRep_IVT_2014,
  AUTHOR =      Dubernet # and # Axhausen,
  TITLE =       {A multiagent simulation framework for evaluating bike redistribution systems in bike sharing schemes},
  INSTITUTION = uni-ethz-ivt # comma # uni-ethz,
  YEAR =        {2014},
  TYPE =        rep-wp-vpl,
  number =      {1010},
  address =     zurich,
  url =         {http://www.ivt.ethz.ch/vpl/publications/reports#1010},
}

@TECHREPORT{DubernetEtAl_TechRep_IVT_2012,
  AUTHOR =      Dubernet # and # RieserSchuessler# and # Axhausen,
  TITLE =       {Using a multi-agent simulation tool to estimate the car-pooling potential},
  INSTITUTION = uni-ethz-ivt # comma # uni-ethz,
  YEAR =        {2012},
  TYPE =        rep-wp-vpl,
  number =      {799},
  address =     zurich,
}

% E %%%%%%%%%%%%%%%%%%%%%%%%%%%%%%%%%%%%%%%%%%%%%%%%%%%%%%%%%%%%%%%%%%

@TECHREPORT{EcolaLight_TechRep_RAND_2009,
  AUTHOR =      Ecola # and # Light,
  TITLE =       {{E}quity and {C}ongestion {P}ricing: {A} {R}eview of the {E}vidence},
  INSTITUTION = {{RAND Corporation}},
  YEAR =        {2009},
  TYPE =        rep-techrep,
  number =      {TR680},
  address =     santamonica,
  url =         {http://www.rand.org/pubs/technical_reports/TR680.html},
}

@TECHREPORT{EcoplanMetron_TechRep_VSS_2005,
	AUTHOR = "org-ecoplan" # and # "org-metron",
	TITLE= {{Kosten-Nutzen-Analysen im Straßenverkehr, Kommentar zur VSS- Grundnorm}},
	INSTITUTION=org-vss,
	YEAR= 2005,
	address=bern,
	type=rep-schriftenreihe,
}

@TECHREPORT{EdelhoffEtAl_TechRep_IVT_2007,
  AUTHOR =      Edelhoff # and # Schilling # and # Balmer # and # Moehring,
  TITLE =       {Optimal Route Assignment in Large Scale Micro-Simulations},
  INSTITUTION = uni-ethz-ivt # comma # uni-ethz,
  YEAR =        {2007},
  TYPE =        rep-wp,
  number =      {409},
  address =     zurich,
  url =         {https://www.ivt.ethz.ch/vpl/publications/reports/index/edit/ab409.pdf},
}

@TECHREPORT{Eggenberger_TechRep_RZU_2001,
  AUTHOR =      Eggenberger,
  TITLE =       {{Mobilitätsverhalten: Einkaufs- und Freizeitverkehr - Glattal}},
  INSTITUTION = {{RZU - Regionalplanung Zürich und Umgebung}},
  YEAR =        {2001},
  TYPE =        rep-techrep,
  number =      {80},
  address =     zurich,
  url =         {},
}

@TECHREPORT{EhrekeEtAl_TechRep_OECD_2014,
  AUTHOR =      Ehreke # and # Jaeggi # and # Axhausen,
  TITLE =       {{Greening Household Behaviour and Transport}},
  INSTITUTION = org-oecd,
  YEAR =        {2014},
  TYPE =        {OECD Environment } # rep-wp,
  number =      {77},
  address =     paris,
  url =         {http://www.ivt.ethz.ch/vpl/publications/reports#1042},
}

@TECHREPORT{EhrekeEtAl_TechRep_IVT_2014,
  AUTHOR =      Ehreke # and # Hess # and # Weis # and # Axhausen,
  TITLE =       {Reliability in the {G}erman value of time study},
  INSTITUTION = uni-ethz-ivt # comma # uni-ethz,
  YEAR =        {2014},
  TYPE =        rep-wp-vpl,
  number =      {1015},
  address =     zurich,
  url =         {http://www.ivt.ethz.ch/vpl/publications/reports#1015},
}

@TECHREPORT{EhrekeEtAl_TechRep_IVT_2015,
  AUTHOR =      Ehreke # and # CrastesDitSourd # and # Beck # and # Hess # and # Axhausen # and # HolzRau # and # Scheiner,
  TITLE =       {A dynamic approach to long term mobility decisions in the life course},
  INSTITUTION = uni-ethz-ivt # comma # uni-ethz,
  YEAR =        {2015},
  TYPE =        rep-wp-vpl,
  number =	{1088},
  address =     zurich,
  url =		{http://www.ivt.ethz.ch/vpl/publications/reports#1088},
}

@TECHREPORT{Ehreke_TechRep_IVT_2016,
  AUTHOR =      Ehreke,
  TITLE =       {{Zum Umgang mit kleinen Zeitgewinnen im nichtgewerblichen Personenverkehr}},
  INSTITUTION = uni-ethz-ivt # comma # uni-ethz,
  YEAR =        {2016},
  TYPE =        rep-wp-vpl,
  number =	{1145},
  address =     zurich,
  url =		{http://www.ivt.ethz.ch/vpl/publications/reports#1145},
}

@TECHREPORT{ErathEtAl_TechRep_IVT_2008,
  AUTHOR =      Erath # and # Birdsall # and # Axhausen # and # Hajdin,
  TITLE =       {Vulnerability Assessment of the Swiss Road Network},
  INSTITUTION = uni-ethz-ivt # comma # uni-ethz,
  YEAR =        {2008},
  TYPE =        rep-resrep,
  address =     uni-ethz-ivt # comma # uni-ethz # comma # zurich,
  url =         {http://www.ivt.ethz.ch/vpl/publications/reports/ab513.pdf},
}

@TECHREPORT{ErathAxhausen_TechRep_IVT_2009,
  AUTHOR =      Erath # and # Axhausen,
  TITLE =       {A New Approach to Evaluate Long Term User Reactions to Changes in Transport Costs},
  INSTITUTION = uni-ethz-ivt # comma # uni-ethz,
  YEAR =        {2009},
  TYPE =        rep-wp,
  number =      {572},
  address =     zurich,
  month =       jul,
  url =         {http://www.ivt.ethz.ch/vpl/publications/reports/ab572.pdf},
}

@TECHREPORT{ErathAxhausen_TechRep_IVT_forth,
  AUTHOR =      Erath # and # Axhausen,
  TITLE =       {Elasticities of Mobility tool ownership},
  INSTITUTION = uni-ethz-ivt # comma # uni-ethz,
  YEAR =        forth,
  TYPE =        rep-wp,
  address =     zurich,
}

@TECHREPORT{ErathAxhausen_TechRep_TSMS_2013,
  AUTHOR =      Erath # and # Axhausen,
  TITLE =       {Long term fuel price elasticity: Effect of price changes on mobility tool ownership},
  INSTITUTION = uni-ethz-ivt # comma # uni-ethz,
  YEAR =        {2013},
  type =        rep-tsms,
  number =      {50},
  address =     zurich,
  url =         {http://www.ivt.ethz.ch/vpl/publications/reports#954},
}

@TECHREPORT{ErathEtAl_TechRep_FCL_forth,
  AUTHOR =      Erath # and # Chakirov # and # Fourie # and # Ordonez # and # ShahM # and # VanEggermond # and # Axhausen,
  TITLE =       {A large-scale agent-based transport travel demand model for {S}ingapore: {T}he implementation of {MATS}im},
  INSTITUTION = sec-fcl # comma # sec,
  YEAR =        2012,
  TYPE =        rep-wp,
  address =     singapore,
}

@TECHREPORT{ETHEiABC_TechRep_2014,
  AUTHOR =      {{ETH Zurich}} # and # {{EiABC}},
  TITLE =       {{ETH--EiABC Student Workshop}},
  INSTITUTION = uni-ethz # comma # uni-eiabc,
  YEAR =        2014,
  TYPE =        rep-finalrep,
  address =     zurich # comma # addisababa,
}

@TECHREPORT{ETHSSS_TechRep_ETHZ_2013,
  AUTHOR =      {{ETH Zurich}} # and # {{Singapore--ETH Centre}},
  TITLE =       {Future Cities -- Network and Grammars},
  INSTITUTION = uni-ethz # comma # sec,
  YEAR =        2013,
  TYPE =        rep-finalrep,
  address =     zurich,
}

@TECHREPORT{Eurostat_TechRep_1999,
  AUTHOR =      WeckstroemEno,
  TITLE =       {{Long distance passenger travel}},
  INSTITUTION = org-ec # and # org-eurostat,
  YEAR =        1999,
  TYPE =        rep-finalrep,
  address =     luxembourg,
}

% F %%%%%%%%%%%%%%%%%%%%%%%%%%%%%%%%%%%%%%%%%%%%%%%%%%%%%%%%%%%%%%%%%%

@TECHREPORT{FeilEtAl_TechRep_2009,
  AUTHOR =      Feil # and # Balmer # and # Axhausen,
  TITLE =       {New approaches to generating comprehensive all-day activity-travel schedules},
  INSTITUTION = uni-ethz-ivt # comma # uni-ethz,
  YEAR =        {2009},
  TYPE =        rep-resrep,
  number =      {575},
  address =     zurich,
  url =         {http://www.ivt.ethz.ch/vpl/publications/reports/ab573.pdf},
}

@TECHREPORT{FellendorfEtAl_TechRep_2000,
  AUTHOR =      Fellendorf # and # Haupt # and # Heidl # and # Scherr,
  TITLE =       {{VISEM - }an Activity Chain based Traffic Demand Model},
  INSTITUTION = org-ptv,
  YEAR =        {2000},
  TYPE =        rep-techrep,
  address =     karlsruhe,
  url =         {http://cgi.ptv.de/download/traffic/library/2000%20VISEM%20Activity%20Chain%20Based%20Modeling.pdf},
}

@TECHREPORT{FengEtAl_TechRep_NBER_2005,
  AUTHOR =      Feng # and # Fullerton # and # Gan,
  TITLE =       {Vehicle choices, miles driven and pollution policies},
  INSTITUTION = org-nber,
  YEAR =        {2005},
  TYPE =        rep-wp,
  number =      {11553},
  address =     washington,
}

@TECHREPORT{FGSV_Norm_EV7_2012,
  AUTHOR =      {{FGSV}},
  TITLE =       {Empfehlungen für {Verkehrserhebungen}: Kapitel 7},
  INSTITUTION = org-fgsv,
  YEAR =        {2012},
  TYPE =        rep-norm,
  address =     berlin,
}

@TECHREPORT{FGSV_Norm_RAA_2008,
  AUTHOR =      {{FGSV}},
  TITLE =       {{Richtlinien für die Anlage von Autobahnen}},
  INSTITUTION = org-fgsv,
  YEAR =        {2008},
  TYPE =        rep-norm,
  number =      {202},
  address =     koeln,
}

@TECHREPORT{FGSV_Norm_RASK_2001,
  AUTHOR =      {{FGSV}},
  TITLE =       {{Richtlinien für die Anlage von Strassen - Knotenpunkte}},
  INSTITUTION = org-fgsv,
  YEAR =        {2001},
  TYPE =        rep-norm,
  number =      {297},
  address =     koeln,
}

@TECHREPORT{FGSV_Norm_RASq_1996,
  AUTHOR =      {{FGSV}},
  TITLE =       {{Richtlinien für die Anlage von Strasse - Querschnitt}},
  INSTITUTION = org-fgsv,
  YEAR =        {1996},
  TYPE =        rep-norm,
  number =      {295},
  address =     koeln,
}

@TECHREPORT{FGSV_Norm_RASt_2007,
  AUTHOR =      {{FGSV}},
  TITLE =       {{Richtlinien für die Anlage von Stadtstrassen}},
  INSTITUTION = org-fgsv,
  YEAR =        {2007},
  TYPE =        rep-norm,
  number =      {200},
  address =     koeln,
}

@TECHREPORT{FGSV_Norm_RIN_2008,
  AUTHOR =      {{FGSV}},
  TITLE =       {{Richtlinien für integrierte Netzgestaltung}},
  INSTITUTION = org-fgsv,
  YEAR =        {2008},
  TYPE =        rep-norm,
  number =      {121},
  address =     koeln,
}

@TECHREPORT{FGSV_Norm_RiLSA_2010,
  AUTHOR =      {{FGSV}},
  TITLE =       {{Richtlinien für Lichtsignalanlagen}},
  INSTITUTION = org-fgsv,
  YEAR =        {2010},
  TYPE =        rep-norm,
  number =      {321},
  address =     koeln,
}

@TECHREPORT{Filliger_TechRep_BAFU_2009,
  AUTHOR =      Filliger,
  TITLE =       {{Emissionen nach CO2-Gesetz und Kyoto-Protokoll}},
  INSTITUTION = org-bafu,
  YEAR =        {2009},
  month =       jun,
  TYPE =        rep-techrep,
  url =         {http://www.bafu.admin.ch/klima/06538/06541/06589/index.html?lang=en},
  address =     bern,
}

@TECHREPORT{FlammEtAl_TechRep_LASUR_2008,
  AUTHOR =      Flamm # and # Jemelin # and # Kaufmann,
  TITLE =       {Travel Behaviour Adaptation Processes During Life Course Transitions},
  INSTITUTION = uni-epfl-lasur # comma # uni-epfl,
  YEAR =        {2008},
  TYPE =        rep-techrep,
  number =      {2008-016},
  address =     lausanne,
}

@TECHREPORT{FloetteroedEtAl_TechRep_TRANSPOR_2008,
  AUTHOR =      Floetteroed # and # Bierlaire # and # Nagel,
  TITLE =       {Bayesian Calibration of Dynamic Traffic Simulations},
  INSTITUTION = uni-epfl-transpor # comma # uni-epfl,
  YEAR =        {2008},
  TYPE =        rep-techrep,
  number =      {081028},
  address =     lausanne,
  url =         {http://transp-or2.epfl.ch/technicalReports/FloeBierNage08.pdf},
}

@TECHREPORT{FollmerEtAl_TechRep_infasDIW_2004,
  AUTHOR =      Follmer # and # Kunert # and # Kloas # and # Kuhfeld,
  TITLE =       {Mobilität in {D}eutschland -- {E}rgebnisbericht},
  INSTITUTION = {infas/DIW},
  YEAR =        {2004},
  TYPE =        rep-techrep,
  number =      {},
  url =         {www.kontiv2002.de},
}

@TECHREPORT{FosgerauEtAl_TechRep_2008,
	AUTHOR =  Fosgerau # and # Hjorth # and # Brems # and # Fukuda,
	TITLE= {Travel time variability: Definition and valuation},
	YEAR= 2008,
  INSTITUTION = uni-denmark,
  address = copenhagen,
}

@TECHREPORT{FosgerauVanDender_TechRep_ITF_2010,
  AUTHOR =      Fosgerau # and # vanDender,
  TITLE =       {Road pricing with complications},
  INSTITUTION = org-dtu # comma # org-cts # comma # org-oecditf,
  YEAR =        {2010},
  TYPE =        rep-wp,
  number =      {2010-2},
  url =         {http://www.internationaltransportforum.org/jtrc/DiscussionPapers/DP201002.pdf},
}

@TECHREPORT{Fourie_TechRep_FCL_2014,
  AUTHOR =      Fourie,
  TITLE =       {Reconstructing bus vehicle trajectories from transit smart-card data},
  INSTITUTION = sec-fcl # comma # sec,
  YEAR =        {2014},
  TYPE =        rep-wp,
  address =     singapore,
  url =         {http://www.ivt.ethz.ch/vpl/publications/reports#986},
}

@TECHREPORT{FourieEtAl_TechRep_IVT_2012,
  AUTHOR =      Fourie # and # Illenberger # and # Nagel,
  TITLE =       {Using mental simulation to improve the agent learning rate of large-scale multi-agent transport simulations},
  INSTITUTION = uni-ethz-ivt # comma # uni-ethz,
  YEAR =        {2012},
  TYPE =        rep-wp-vpl,
  number =      {793},
  address =     zurich,
}

@TECHREPORT{FoxEtAl_2003,
  AUTHOR =      Fox # and # Daly # and # Gunn,
  TITLE =       {Review of {RAND} Europe's Transport Demand Model Systems},
  INSTITUTION = org-rand,
  YEAR =        {2003},
  TYPE =        rep-techrep,
  address =     santamonica,
}

@TECHREPORT{FoxEtAl_TechRep_2007,
  AUTHOR =      FoxE # and # Postrel # and # McLaughlin,
  TITLE =       {The Impact of Retail Location on Retailer Revenues: An Empirical Investigation},
  INSTITUTION = {Cox School of Business, Southern Methodist University},
  YEAR =        {2007},
  TYPE =        rep-wp,
  number =      {},
  address =     dallas,
}

@TECHREPORT{Frei_TechRep_TSMS_2013,
  AUTHOR =      Frei,
  TITLE =       {{KITE -- A Knowledge Base for Intermodal Passenger Travel in Europe}},
  INSTITUTION = uni-ethz-ivt # comma # uni-ethz,
  YEAR =        {2013},
  TYPE =        rep-tsms,
  number =      {31},
  address =     zurich,
  url =         {http://www.ivt.ethz.ch/vpl/publications/reports#890},
}

@TECHREPORT{FreiAxhausen_TechRep_IVT_2007,
  AUTHOR =      Frei # and # Axhausen,
  TITLE =       {Size and structure of social network geographies},
  INSTITUTION = uni-ethz-ivt # comma # uni-ethz,
  YEAR =        {2007},
  TYPE =        rep-wp,
  number =      {444},
  address =     zurich,
}

@TECHREPORT{FreiAxhausen_TechRep_IVT_2009,
  AUTHOR =      Frei # and # Axhausen,
  TITLE =       {Modelling the Frequency of Contacts in a Shrunken World},
  INSTITUTION = uni-ethz-ivt # comma # uni-ethz,
  YEAR =        {2009},
  TYPE =        rep-wp,
  number =      {532},
  address =     zurich,
}

@TECHREPORT{FreiEtAl_TechRep_IVT_2009,
  AUTHOR =      Frei # and # Kuhnimhof # and # Axhausen,
  TITLE =       {Long Distance Travel in {E}urope today: Experiences with a New Survey},
  INSTITUTION = uni-ethz-ivt # comma # uni-ethz,
  YEAR =        {2009},
  TYPE =        rep-wp,
  number =      {569},
  address =     zurich,
}

@TECHREPORT{FreiEtAxhausen_TechRep_IVT_2011,
  AUTHOR =      Frei # and # Axhausen,
  TITLE =       {Collective Location Choice Model},
  INSTITUTION = uni-ethz-ivt # comma # uni-ethz,
  YEAR =        {2011},
  TYPE =        rep-wp,
  number =      {686},
  address =     zurich,
}

@TECHREPORT{FreiAxhausen_TechRep_IVT_2011_a,
  AUTHOR =      Frei # and # Axhausen,
  TITLE =       {Collective Location Choice Model},
  INSTITUTION = uni-ethz-ivt # comma # uni-ethz,
  YEAR =        {2011},
  TYPE =        rep-wp,
  number =      {686},
  address =     zurich,
}

@TECHREPORT{FreiAxhausen_TechRep_IVT_2011_b,
  AUTHOR =      Frei # and # Axhausen,
  TITLE =       {Modeling spatial embedded social network},
  INSTITUTION = uni-ethz-ivt # comma # uni-ethz,
  YEAR =        {2011},
  TYPE =        rep-wp,
  number =      {685},
  address =     zurich,
}

@TECHREPORT{FrejingerEtAl_TechRep_IVT_2006,
  AUTHOR =      Frejinger # and # Bierlaire # and # Stojanovic # and # Vrtic # and # Schuessler # and # Axhausen,
  TITLE =       {A Route Choice Model In {S}witzerland Based On {RP} And {SP} Data},
  INSTITUTION = uni-ethz-ivt # comma # uni-ethz,
  YEAR =        {2006},
  TYPE =        rep-wp,
  number =      {374},
  address =     zurich,
}

@TECHREPORT{FrickGrimm_TechRep_ifmo_2014,
  AUTHOR = Frick # and # Grimm,
  TITLE = {Langstreckenmobilit\"at: {A}ktuelle {T}rends und {Z}ukunftsperspektiven},
  INSTITUTION = ifmo,
  YEAR = {2014},
  TYPE = rep-resrep,
  address =  muenchen,
}

#translated version
@TECHREPORT{FrickGrimm_TechRep_ifmo_2014_eng,
  AUTHOR = Frick # and # Grimm,
  TITLE = {{Long-Distance Mobility: Current Trends and Future Perspectives}},
  INSTITUTION = ifmo,
  YEAR = {2014},
  TYPE = rep-resrep,
  address =  muenchen,
}

@TECHREPORT{FrickEtAl_FinalRep_ifmo_2014,
  AUTHOR = Frick # and # Belart # and # Schmied  # and # Grimm # and # Schmuecker,
  TITLE = {{Zukunftsperspektiven der Langstreckenmobilit\"at - Grundlagenstudie}},
  INSTITUTION = ifmo,
  YEAR = {2014},
  TYPE = rep-finalrep,
  address =  bern,
}


@TECHREPORT{FrickMeister_TechRep_IVT_2006,
  AUTHOR =      Frick # and # Meister,
  TITLE =       {{R}outenwahlverhalten im {F}lugverkehr},
  INSTITUTION = uni-ethz-ivt # comma # uni-ethz,
  YEAR =        {2006},
  type =        rep-termrep,
}

@TECHREPORT{Friedrich_LVS_2002,
  AUTHOR =      Friedrich,
  TITLE =       {{Analyse und Optimierung von Verkehrsnetzen im IV und ÖV}},
  INSTITUTION = uni-tum-lvs # comma # uni-tum,
  YEAR =        {2002},
  TYPE =        rep-schriftenreihe,
  number =      {14},
  address =     muenchen,
  url =         {},
}

@TECHREPORT{Fries_TechRep_TSMS_2013,
  AUTHOR =      Fries,
  TITLE =       {{Carrier or Mode? -- The Dilemma of Shippers' Choice in Freight Modelling}},
  INSTITUTION = uni-ethz-ivt # comma # uni-ethz,
  YEAR =        {2013},
  type =        rep-tsms,
  number =      {43},
  address =     zurich,
  url =         {http://www.ivt.ethz.ch/vpl/publications/reports#912},
}

@TECHREPORT{FroehlichEtAl_TechRep_TSMS_2013,
  AUTHOR =      Froehlich # and # Weis # and # Erath # and # Vrtic # and # Axhausen,
  TITLE =       {{SP-Befragung 2010 zum Verkehrsverhalten im Personenverkehr}},
  INSTITUTION = uni-ethz-ivt # comma # uni-ethz,
  YEAR =        {2013},
  type =        rep-tsms,
  number =      {48},
  address =     zurich,
  url =         {http://www.ivt.ethz.ch/vpl/publications/reports#953},
}

@TECHREPORT{FuhrerAxhausen_TechRep_IVT_2014,
  AUTHOR =      Fuhrer # and # Axhausen,
  TITLE =       {New Historical Data: The Reconstruction of 1950's Global Road Network Using American Army Maps},
  INSTITUTION = uni-ethz-ivt # comma # uni-ethz,
  YEAR =        {2014},
  type =        rep-wp-vpl,
  number =      {1025},
  address =     zurich,
  url =         {http://www.ivt.ethz.ch/vpl/publications/reports#1025},
}

@TECHREPORT{FuhrerHunziker_TechRep_IVT_2013,
  AUTHOR =      Fuhrer # and # Hunziker,
  TITLE =       {{Cartographic Transport Infrastructure Data Survey}},
  INSTITUTION = uni-ethz-ivt # comma # uni-ethz,
  YEAR =        {2013},
  TYPE =        rep-wp-vpl,
  number =	930,
  address =     zurich,
  url =	        {http://www.ivt.ethz.ch/vpl/publications/reports#930},
}

% G %%%%%%%%%%%%%%%%%%%%%%%%%%%%%%%%%%%%%%%%%%%%%%%%%%%%%%%%%%%%%%%%%%

@TECHREPORT{GanterJakobHirschberg_TechRep_PSI_2001,
  AUTHOR =      Gantner # and # Jakob # and # Hirschberg,
  TITLE =       {{Perspektiven der zukünftigen Strom- und Wärmeversorgung für die Schweiz - Ökologische und ökonomische Betrachtungen}},
  INSTITUTION = org-psi,
  YEAR =        {2001},
  type =        rep-techrep,
  number =      {01-12},
  address =     villigen,
}

@TECHREPORT{GaudryEtAl_TechRep_INRETS_2006,
  AUTHOR =      Gaudry # and # Briand # and # Paulmyer # and # Tran,
  TITLE =       {{Choix modal transpyrénéen ferroviaire, intermodal et routier: un modèle Logit Universel de forme Box-Cox Généralisée}},
  INSTITUTION = org-inrets,
  YEAR =        {2006},
  TYPE =        rep-wp,
  address =     arcueil,
}

@TECHREPORT{Gesamtenergiestatistik_2009,
  AUTHOR =      "org-bfe",
  TITLE =       {{Schweizerische Gesamtenergiestatistik 2008}},
  INSTITUTION = org-bfe,
  YEAR =        {2009},
  TYPE =        rep-techrep,
  address =     bern,
}

@TECHREPORT{GichevaEtAl_2007,
	AUTHOR =      Gicheva # and # Hastings # and # VillasBoas,
	TITLE =       {Revisiting the income effect: Gasoline prices and grocery purchases},
	INSTITUTION = nber,
	YEAR =        {2007},
	TYPE =        rep-wp,
	address =     cambridge-ma,
}


@TECHREPORT{GolobBradleyPolak_TechRep_uni-ca_1995,
  AUTHOR =      Golob # and # Bradley # and # Polak,
  TITLE =       {Travel and Activity Participation as Influenced by Car Availability and Use},
  INSTITUTION = uni-ca,
  YEAR =        {1995},
  TYPE =        rep-wp,
  number =      {95-3},
  address =     irvine,
  month =       aug,
  url =         {http://www.its.uci.edu/its/publications/papers/CASA/UCI-ITS-AS-WP-95-3.pdf},
}

@TECHREPORT{GolobMcNally_TechRep_uni-ca_1996,
  AUTHOR =      Golob # and # McNally,
  TITLE =       {A Model of Activity Participation and Travel Interactions between Household Heads},
  INSTITUTION = uni-ca,
  YEAR =        {1996},
  TYPE =        rep-wp,
  number =      {96-3},
  address =     irvine,
  month =       aug,
  url =         {http://www.its.uci.edu/its/publications/papers/CASA/UCI-ITS-AS-WP-96-3.pdf},
}

@TECHREPORT{Goulias_TechRep_uni-ca_1992,
  AUTHOR =      Goulias ,
  TITLE =       {A Dynamic Microsimulator for Travel Demand Forecasting},
  INSTITUTION = uni-ca,
  YEAR =        {1992},
  TYPE =        rep-wp,
  number =      {95},
  address =     berkeley,
  month =       apr,
}

@TECHREPORT{GreevenEtAl_TechRep_IVT_2005,
  AUTHOR =      Greeven # and # JaraDiaz # and # Munizaga # and # Axhausen,
  TITLE =       {Calibration of a joint time assignment and mode choice model system},
  INSTITUTION = uni-ethz-ivt # comma # uni-ethz,
  YEAR =        {2005},
  TYPE =        rep-wp,
  number =      {308},
  address =     zurich,
  url =         {https://www.ivt.ethz.ch/vpl/publications/reports/index/edit/ab308.pdf},
}

@TECHREPORT{Grimal_TechRep_2010,
  AUTHOR =      Grimal,
  TITLE =       {{Mobilité à longue distance : plus de voyages s’effectuent en train, mais les seniors restent adeptes de la voitur}},
  INSTITUTION = {Setra},
  YEAR =        {2010},
  TYPE =        rep-techrep,
  address =     paris,
  month =       dec,
}


@TECHREPORT{GsEvedBfs_TechRep_GSEVEDBFS_1992,
  AUTHOR =      {{GS EVED}} # and # {{BfS}},
  TITLE =       {{V}erkehrsverhalten in der {S}chweiz 1989, {M}ikrozensus 1989, {B}erichtband},
  INSTITUTION = org-gseved # and # org-bfs,
  YEAR =        {1992},
  type =        rep-resrep,
  number =      {6/91},
  address =     bern,
  url =         {http://www.are.admin.ch/imperia/md/content/are/gesamtverkehr/personenverkehr/mz89.pdf},
}

@TECHREPORT{GulerMenendez_TechRep_IVT_2013,
  AUTHOR =      Guler # and # Menendez,
  TITLE =       {{Analytical Formulation and Empirical Evaluation of Pre-Signals}},
  INSTITUTION = uni-ethz-ivt # comma # uni-ethz,
  YEAR =        {2013},
  TYPE =        rep-wp-svt,
  number =      {48},
  address =     zurich,
  url =         {http://www.ivt.ethz.ch/svt/publications/papers#48},
}

@TECHREPORT{GuoBhat_2002,
  AUTHOR =      Guo # and # Bhat,
  TITLE =       {Residential Location Choice Modeling: Accommodating Sociodemographic, School Quality and Accessibility Effects},
  INSTITUTION =	{Department of Civil Engineering, University of Texas},
  YEAR =        {2002},
  address =     {Austin, Texas},
  type =        {},
}

% H %%%%%%%%%%%%%%%%%%%%%%%%%%%%%%%%%%%%%%%%%%%%%%%%%%%%%%%%%%%%%%%%%%

@TECHREPORT{HaefeliMatti_TechRep_Interface_2008,
  AUTHOR =      Haefeli # and # Matti,
  TITLE =       {{Mobilitätsdurchblick Schweiz: Schlussbericht zuhanden des Dienstleistungszentrums innovative und nachhaltige Mobilität (DZM)}},
  INSTITUTION = org-interface,
  YEAR =        {2008},
  TYPE =        rep-techrep,
  address =     lucerne,
  month =       aug,
  url =         {http://www.are.admin.ch/dienstleistungen/00908/00912/index.html},
}

@TECHREPORT{HackneyMarchal_TechRep_IVT_2008,
  AUTHOR =      Hackney # and # Marchal,
  TITLE =       {A model for coupling multi-agent social interactions and traffic simulation},
  INSTITUTION = uni-ethz-ivt # comma # uni-ethz,
  YEAR =        {2008},
  TYPE =        rep-wp,
  number =      {516},
  address =     zurich,
  url =         {http://www.ivt.ethz.ch/vpl/publications/reports/ab516.pdf},
}

@TECHREPORT{Handcock_TechRep_2013,
  AUTHOR =      Handcock,
  TITLE =       {Assessing Degeneracy in Statistical Models of Social Networks},
  INSTITUTION = uni-washington-csss # comma # uni-washington,
  YEAR =        {2013},
  TYPE =        rep-wp,
  number =      {39},
  address =     seattle,
  url =         {http://citeseerx.ist.psu.edu/viewdoc/download?doi=10.1.1.81.5086&rep=rep1&type=pdf},
}

@TECHREPORT{HardingEtAl_TechRep_IVT_2013,
  AUTHOR =      Harding # and # PattersonZ # and # Axhausen,
  TITLE =       {{Trip dispersal, efficient chaining and modal propensity: an analysis of the effects of neighborhood type, regional accessibility and activity space geometry on travel behaviour in Switzerland}},
  INSTITUTION = uni-ethz-ivt # comma # uni-ethz,
  YEAR =        {2013},
  TYPE =        rep-wp-vpl,
  number =      {901},
  address =     zurich,
  url =         {http://www.ivt.ethz.ch/vpl/publications/reports#901},
}

@TECHREPORT{HardingEtAl_TechRep_IVT_2014,
  AUTHOR =      Harding # and # Miller # and # PattersonZ # and # Axhausen,
  TITLE =       {Multiple purpose tours and efficient trip chaining: an analysis of the effects of land use and transit on travel behaviour in {S}witzerland},
  INSTITUTION = uni-ethz-ivt # comma # uni-ethz,
  YEAR =        {2014},
  TYPE =        rep-wp-vpl,
  number =      {1014},
  address =     zurich,
  url =         {http://www.ivt.ethz.ch/vpl/publications/reports#1014},
}

@TECHREPORT{HardingEtAl_TechRep_IVT_2013_2,
  AUTHOR =      Harding # and # PattersonZ # and # Axhausen,
  TITLE =       {{Neighborhood and regional effects on trip dispersal: a case study using data from the 9 largest metropolitan regions in Switzerland}},
  INSTITUTION = uni-ethz-ivt # comma # uni-ethz,
  YEAR =        {2013},
  TYPE =        rep-wp-vpl,
  number =      {926},
  address =     zurich,
  url =         {http://www.ivt.ethz.ch/vpl/publications/reports#926},
}

@TECHREPORT{HardingEtAl_TechRep_CIRRELT_2013,
  AUTHOR =      Harding # and # PattersonZ # and # Axhausen,
  TITLE =       {{Neighborhood and regional effects on trip dispersal: a case study using data from the 9 largest metropolitan regions in Switzerland}},
  INSTITUTION = org-cirrelt,
  YEAR =        {2013},
  TYPE =        rep-wp,
  number =      {80},
  address =     montreal,
  url =         {http://www.ivt.ethz.ch/vpl/publications/reports#960},
}

@TECHREPORT{Hartmann_TechRep_2005,
  AUTHOR =      Hartmann,
  TITLE =       {{Gravitationsmodelle als Verfahren der Standortanalyse im Einzelhandel}},
  INSTITUTION = {Martin-Luther Universität Halle-Wittenberg},
  YEAR =        {2005},
  TYPE =        rep-techrep,
  address =     halle,
  number =      {SR-2005-02},
  url =         {http://statistik.wiwi.uni-halle.de/epaper/190438_1004056/},
}

@TECHREPORT{HawkinsStopher_TechRep_ITS_2004,
  AUTHOR =      Hawkins # and # Stopher,
  TITLE =       {Collecting Data with {GPS}: Those Who Reject, and Those Who Receive},
  INSTITUTION = uni-syd-its # comma # uni-syd,
  YEAR =        {2004},
  TYPE =        rep-wp,
  number =      {ITS-WP-04-21},
  address =     sydney,
}

@TECHREPORT{Hertkorn_TechRep_IVF_2005,
  AUTHOR =      Hertkorn,
  TITLE =       {{Mikroskopische Modellierung von zeitabhängiger Verkehrsnachfrage und von Verkehrsflußmustern}},
  INSTITUTION = org-dlr-ivf,
  YEAR =        {2005},
  TYPE =        rep-resrep,
  number =      {2004-29},
  address =     berlin,
  url =         {http://elib.dlr.de/21014},
  comment =     {{also: Ph.D. thesis, University of Cologne}},
}

% balmermi: changed to techrep since rep-discussion is no longer valid
@TECHREPORT{Heidemann_TechRep_IfR_1988,
  AUTHOR =      Heidemann,
  TITLE =       {Regional Planning Methodology: The First and Only Annotated Picture Primer on Regional Planning},
  INSTITUTION = uni-karlsruhe-ifr # comma # uni-karlsruhe,
  YEAR =        {1988},
  TYPE =        rep-techrep,
  number =      {16},
  address =     karlsruhe,
}

@TECHREPORT{HessRose_TechRep_IVT_2006,
  AUTHOR =      Hess # and # Rose,
  TITLE =       {Some Lessons for Working with Repeated Choice Data},
  INSTITUTION = uni-ethz-ivt # comma # uni-ethz,
  YEAR =        {2006},
  TYPE =        rep-wp,
  number =      {424},
  address =     zurich,
  month =       nov,
  url =         {http://www.ivt.ethz.ch/vpl/publications/reports/ab424.pdf},
}

@TECHREPORT{HessEtAl_TechRep_ITS_2011,
  AUTHOR =      Hess # and # BenAkiva # and # Gopinath # and # Walker,
  TITLE =       {Advantages of latent class over continuous mixture of Logit models},
  INSTITUTION = uni-leeds-its # comma # uni-leeds-its,
  YEAR =        {2011},
  TYPE =        rep-wp,
  address =     leeds,
  month =       may,
  url =         {http://www.stephanehess.me.uk/papers/Hess_Ben-Akiva_Gopinath_Walker_May_2011.pdf},
}

@TECHREPORT{Hettinger_TechRep_IVT_2008,
  AUTHOR =      Hettinger,
  TITLE =       {{Konsistenz von Entscheidungsmodellen}},
  INSTITUTION = uni-ethz-ivt # comma # uni-ethz,
  YEAR =        {2008},
  TYPE =        rep-semprj,
  number =      {221},
  address =     zurich,
  month =       mar,
  url =         {http://www.ivt.ethz.ch/docs/students/sa221.pdf},
}

@TECHREPORT{HeyndrickxEtAl_TechRep_IVT_2014,
  AUTHOR =  Heyndrickx # and # Purwanto # and # Ciari # and # Boesch # and # Perrels,
  TITLE =   {The impact of extreme weather events on urban mobility in {S}witzerland: combining a traffic micro-simulation with an economic macro-model},
  INSTITUTION = uni-ethz-ivt # comma # uni-ethz,
  YEAR =    {2014},
  TYPE =    rep-wp-vpl,
  number =  {1012},
  address = zurich,
  url =     {http://www.ivt.ethz.ch/vpl/publications/reports#1012},
}

@TECHREPORT{HeyndrickxEtAl_TechRep_IVT_2015,
  AUTHOR =  Heyndrickx # and # Rodric # and # Boesch # and # Ciari,
  TITLE =   {Benefits of informing travellers in case of extreme precipitation events: {A model based case study for Zurich using MATSim}},
  INSTITUTION = uni-ethz-ivt # comma # uni-ethz,
  YEAR =    {2015},
  TYPE =    rep-wp-vpl,
  number =  {1108},
  address = zurich,
  url =     {http://www.ivt.ethz.ch/vpl/publications/reports#1108},
}

@TECHREPORT{HiltyEtAl_TechRep_Hamburg_1998,
  AUTHOR =      Hilty # and # PageB # and # MeyerOnlyR # and # Muegge # and # Deecke # and # Reick # and # Gehlsen # and # Hupf # and # BeckenO # and # Bosselmann # and # Neumann # and # Poll # and # Lechler # and # Boettger,
  TITLE =       {{Instrumente für die ökologische Bewertung und Gestaltung von Verkehrs- und Logistiksystemen}},
  INSTITUTION = {Fachbereich Informatik der Universität Hamburg},
  YEAR =        {1998},
  TYPE =        rep-finalrep,
  address =     {Hamburg},
}

@TECHREPORT{Hobeika_TechRep_VPU_2005,
  AUTHOR =      Hobeika,
  TITLE =       {{TRANSIMS} Overview},
  INSTITUTION = uni-vpu,
  YEAR =        {2005},
  TYPE =        rep-techrep,
  address =     virginia,
  month =       jul,
  url =         {http://tmip.fhwa.dot.gov/resources/clearinghouse/docs/transims_fundamentals/ch1.pdf},
}

@TECHREPORT{Hobeika_TechRep_VPU_2005b,
  AUTHOR =      Hobeika,
  TITLE =       {{TRANSIMS} Fundamentals},
  INSTITUTION = uni-vpu,
  YEAR =        {2005},
  TYPE =        rep-techrep,
  address =     virginia,
  month =       jul,
  url =         {http://tmip.fhwa.dot.gov/resources/clearinghouse/docs/transims_fundamentals/},
}

@TECHREPORT{Hobeika_TechRep_VPU_2005c_acc,
  AUTHOR =      Hobeika,
  TITLE =       {{TRANSIMS} Fundamentals: Chapter 3: Population Synthesizer},
  INSTITUTION = uni-vpu,
  YEAR =        {2005},
  TYPE =        rep-techrep,
  address =     virginia,
  month =       jul,
  url =         {http://tmip.fhwa.dot.gov/resources/clearinghouse/docs/transims_fundamentals/ch3.pdf},
  note =        {\url{http://tmip.fhwa.dot.gov/resources/clearinghouse/docs/transims_fundamentals/ch3.pdf}, accessed on 29/03/2011},
}

@TECHREPORT{Hoinville_TechRep_scpr_1977,
  AUTHOR =      Hoinville,
  TITLE =       {{The priority evaluator method}},
  INSTITUTION = org-scpr,
  YEAR =        {1977},
  TYPE =        rep-wp,
  number =      {3},
  address =     london,
  month =       sep,
}

% balmermi: changed to techrep since rep-discussion is no longer valid
@TECHREPORT{HoogendoornLanser_TechRep_TRAIL_2005,
  AUTHOR =      HoogendoornLanser,
  TITLE =       {Modelling travel behaviour in multi-modal networks},
  INSTITUTION = school-trail,
  YEAR =        {2005},
  type =        rep-techrep,
  number =      {T2005/4},
  address =     delft,
}

@TECHREPORT{Horowitz_TechRep_TRB_2006,
  AUTHOR =      Horowitz,
  TITLE =       {Statewide Travel Forecasting Models: A Synthesis of Highway Practice},
  INSTITUTION = org-trb,
  YEAR =        {2006},
  TYPE =        rep-techrep,
  number =      {527},
  address =     washington,
  url =         {http://onlinepubs.trb.org/onlinepubs/nchrp/nchrp_syn_358.pdf},
}

@TECHREPORT{HorniAxhausen_TechRep_IVT_2014,
  AUTHOR =      Horni # and # Axhausen,
  TITLE =       {Distribution of Benefits and Losses From Roadpricing Illustrated in a Microsimulation Scenario},
  INSTITUTION = uni-ethz-ivt # comma # uni-ethz,
  YEAR =        {2012},
  TYPE =        rep-wp-vpl,
  number =      {974},
  address =     zurich,
  url =         {http://www.ivt.ethz.ch/vpl/publications/reports#974},
}

@TECHREPORT{HorniAxhausen_TechRep_TSMS_2015,
  AUTHOR =      Horni # and # Axhausen,
  TITLE =       {Online Grocery Shopping Survey},
  INSTITUTION = uni-ethz-ivt # comma # uni-ethz,
  YEAR =        {2015},
  TYPE =        rep-tsms,
  number =      {59},
  address =     zurich,
  url =         {http://www.ivt.ethz.ch/vpl/publications/reports#1053},
}

@TECHREPORT{HorniEtAl_TechRep_IVT_2008,
  AUTHOR =      Horni # and # Scott # and # Balmer # and # Axhausen,
  TITLE =       {Location Choice Modeling for Shopping and Leisure Activities With {MATSim}: Combining Micro-Simulation and Time Geography},
  INSTITUTION = uni-ethz-ivt # comma # uni-ethz,
  YEAR =        {2008},
  TYPE =        rep-wp,
  number =      {527},
  address =     zurich,
  url =         {http://www.ivt.ethz.ch/vpl/publications/reports/ab527.pdf},
}

@TECHREPORT{HorniEtAl_TechRep_IVT_2011,
  AUTHOR =      Horni # and # Nagel # and # Axhausen,
  TITLE =       {High-Resolution Destination Choice in Agent-Based Demand Models},
  INSTITUTION = uni-ethz-ivt # comma # uni-ethz,
  YEAR =        {2011},
  TYPE =        rep-wp,
  number =      {682},
  address =     zurich,
  url =         {http://www.ivt.ethz.ch/vpl/publications/reports/ab682.pdf},
}

@TECHREPORT{HorniEtAl_TechRep_IVT_2011_a,
  AUTHOR =      Horni # and # Vitins # and # Axhausen,
  TITLE =       {The {Z}urich Scenario: A Technical Overview},
  INSTITUTION = uni-ethz-ivt # comma # uni-ethz,
  YEAR =        {2011},
  TYPE =        rep-wp,
  number =      {687},
  address =     zurich,
  url =         {http://www.ivt.ethz.ch/vpl/publications/reports/ab687.pdf},
}

@TECHREPORT{HorniEtAl_TechRep_IVT_2011_b,
  AUTHOR =      Horni # and # Charypar # and # Axhausen,
  TITLE =       {Variability in Transport Microsimulations Investigated With the Multi-Agent Transport Simulation {MATSim}},
  INSTITUTION = uni-ethz-ivt # comma # uni-ethz,
  YEAR =        {2011},
  TYPE =        rep-wp,
  number =      {692},
  address =     zurich,
  url =         {http://www.ivt.ethz.ch/vpl/publications/reports/ab692.pdf},
}

@TECHREPORT{HorniEtAl_TechRep_IVT_2012,
  AUTHOR =      Horni # and # Ciari # and # Axhausen,
  TITLE =       {Coupling Customers' Destination Choice and Retailers' Location Choice in {MATS}im},
  INSTITUTION = uni-ethz-ivt # comma # uni-ethz,
  YEAR =        {2012},
  TYPE =        rep-wp-vpl,
  number =      {808},
  address =     zurich,
  url =         {http://www.ivt.ethz.ch/vpl/publications/reports/ab808.pdf},
}

@TECHREPORT{HorniEtAl_TechRep_IVT_2012_a,
  AUTHOR =      Horni # and # Axhausen,
  TITLE =       {{MATSim} Agent Heterogeneity and Week Scenario},
  INSTITUTION = uni-ethz-ivt # comma # uni-ethz,
  YEAR =        {2012},
  TYPE =        rep-wp-vpl,
  number =      {836},
  address =     zurich,
  url =         {http://www.ivt.ethz.ch/vpl/publications/reports/ab836.pdf},
}

@TECHREPORT{HorniMontini_TechRep_IVT_2013,
  AUTHOR =      Horni # and # Montini,
  TITLE =       {{ApplauSim: Rhythmischer Applaus als emergentes Phänomen?}},
  INSTITUTION = uni-ethz-ivt # comma # uni-ethz,
  YEAR =        {2013},
  TYPE =        rep-wp-vpl,
  number =      {853},
  address =     zurich,
  url =         {http://www.ivt.ethz.ch/vpl/publications/reports/ab853.pdf},
}

@TECHREPORT{HRB_Specrep_HRB_1965,
  AUTHOR =      "org-hrb",
  TITLE =       {{Highway Capacity Manual}},
  INSTITUTION = org-hrb,
  YEAR =        {1965},
  TYPE =        rep-specrep,
  number =      {87},
  address =     washington,

}


@TECHREPORT{HuangWilliamson_TechRep_2001,
  AUTHOR =      HuangZ # and # Williamson,
  TITLE =       {Comparison of synthetic reconstruction and combinatorial
                optimisation approaches to the creation of small-area microdata},
  INSTITUTION = {Department of Geography, University of Liverpool, UK},
  type =        rep-wp,
  number =      {2001/2},
  YEAR =        {2001},
}

@TECHREPORT{HunzikerFuhrer_TechRep_IVT_2013,
  AUTHOR =      Hunziker # and # Fuhrer,
  TITLE =       {{AMS Transport Network Vectorisation}},
  INSTITUTION = uni-ethz-ivt # comma # uni-ethz,
  YEAR =        {2013},
  TYPE =        rep-wp-vpl,
  number =	931,
  address =     zurich,
  url =	        {http://www.ivt.ethz.ch/vpl/publications/reports#931},
}

% I %%%%%%%%%%%%%%%%%%%%%%%%%%%%%%%%%%%%%%%%%%%%%%%%%%%%%%%%%%%%%%%%%%

@TECHREPORT{IllenbergerEtAl_TechRep_VSP_2010,
  AUTHOR =      Illenberger # and # Kowald # and # Axhausen # and # Nagel,
  TITLE =       {Insights Into a Spatially Embedded Social Network From a Large-Scale Snowball-Sample},
  INSTITUTION = uni-tub-vsp # comma # uni-tub,
  YEAR =        {2010},
  TYPE =        rep-wp,
  number =      {10--10},
  address =     berlin,
  url =         {https://svn.vsp.tu-berlin.de/repos/public-svn/publications/vspwp/2010/10-10/},
}

@TECHREPORT{IllenbergerEtAl_TechRep_IVT_2009,
  AUTHOR =      Illenberger # and # Floetteroed # and # Kowald # and # Axhausen,
  TITLE =       {A Model for Spatially Embedded Social Networks},
  INSTITUTION = uni-ethz-ivt # comma # uni-ethz,
  YEAR =        {2009},
  TYPE =        rep-wp,
  number =      {593},
  address =     zurich,
}

@TECHREPORT{ITBBVU_TechRep_2007,
  AUTHOR =      {{BVU Beratergruppe Verkehr + Umwelt GmbH und Intraplan Consult GmbH}},
  TITLE =       {Prognose der deutschlandweiten {V}erkehrsverflechtungen 2025},
  INSTITUTION = {ITP and BVU},
  YEAR =        {2007},
  TYPE =        rep-techrep,
  number =      {},
  address =     {München und Freiburg},
  url =         {http://daten.clearingstelle-verkehr.de/220/},
}


@TECHREPORT{IVT_Styleguide,
   AUTHOR = uni-ethz-ivt,
   TITLE = {{Hinweise für die Erstellung von studentischen Berichten}},
   INSTITUTION = uni-ethz-ivt,
   YEAR = {2008},
   TYPE = rep-wp-vpl,
   url   ={http://www.ivt.ethz.ch/education/2008_ivt_styleguide.pdf}
   address = {Zurich},
}


% J %%%%%%%%%%%%%%%%%%%%%%%%%%%%%%%%%%%%%%%%%%%%%%%%%%%%%%%%%%%%%%%%%%

@TECHREPORT{JoubertAxhausen_TechRep_IVT_2009,
  AUTHOR =      Joubert # and # Axhausen,
  TITLE =       {Inferring Commercial Vehicle Activities in {Gauteng}, {South Africa}},
  INSTITUTION = uni-ethz-ivt # comma # uni-ethz,
  YEAR =        {2009},
  TYPE =        rep-wp,
  number =      {552},
  address =     zurich,
}

@TECHREPORT{JackFaucet_TechRep_FHWA_1991,
  AUTHOR =      {{Jack Faucet Associates}},
  TITLE =       {The Highway Economic Requirements System Technical Report; prepared for Highway Needs and Investment Branch},
  INSTITUTION = org-fhwa,
  YEAR =        {1991},
  TYPE =        rep-techrep,
  address =     washington,
}

@TECHREPORT{JaeggiAxhausen_TechRep_IVT_2010,
  AUTHOR =      Jaeggi # and # Axhausen,
  TITLE =       {Surveying energy efficiency in housing and transport using a Priority Evaluator},
  INSTITUTION = uni-ethz-ivt # comma # uni-ethz,
  YEAR =        {2010},
  TYPE =        rep-wp,
  number =      {636},
  address =     zurich,
}

@TECHREPORT{JaeggiEtal_ASTRA_2013,
  AUTHOR =      Jaeggi # and # Dobler # and # Axhausen,
  TITLE =       {{Werkzeug zur aktuellen Gangliniennorm, Schlussbericht ASTRA 2010/020}},
  INSTITUTION = {{UVEK}},
  YEAR =        {2013},
  TYPE =        rep-schriftenreihe,
  number =      {1412},
  address =     bern,
  url =         {http://www.ivt.ethz.ch/ivt/vpl/publications/reports#859},
}

@TECHREPORT{JaeggiAxhausen_ASTRA_2015,
	AUTHOR =      Jaeggi # and # Axhausen,
	TITLE =       {{Bemessungsverkehrsstärken: Ein neuer Ansatz, Forschungsbericht ASTRA 2011/103}},
	INSTITUTION = {{UVEK}},
	YEAR =        {2015},
	TYPE =        rep-schriftenreihe,
	number =      {1517},
	address =     bern,
}

@TECHREPORT{JaeggiEtAl_TechRep_IVT_2011,
  AUTHOR =      Jaeggi # and # Castro # and # SchmittL # and # Axhausen # and # Bhat,
  TITLE =       {Multiple Discrete-Continuous Choice Model of Household Energy Reduction Acrosse Multiple Sectors Using Priority Evaluator Data},
  INSTITUTION = uni-ethz-ivt # comma # uni-ethz,
  YEAR =        {2011},
  TYPE =        rep-wp,
  number =      {690},
  address =     zurich,
}

@TECHREPORT{JaeggiEtAl_TechRep_IVT_2013,
  AUTHOR =      Jaeggi # and # Hohmann # and # Axhausen # and # Geistefeldt,
  TITLE =       {Comparison of estimates of travel time losses on high capacity roads},
  INSTITUTION = uni-ethz-ivt # comma # uni-ethz,
  YEAR =        {2013},
  TYPE =        rep-wp-vpl,
  number =      {913},
  address =     zurich,
  url =         {http://www.ivt.ethz.ch/vpl/publications/reports#913},
}

@TECHREPORT{JaeggiEtAl_TechRep_TSMS_2013,
  AUTHOR =      Jaeggi # and # RobinsonD # and # Axhausen,
  TITLE =       {{2000W City: Urban Metabolism}},
  INSTITUTION = uni-ethz-ivt # comma # uni-ethz,
  YEAR =        {2013},
  TYPE =        rep-tsms,
  number =      {44},
  address =     zurich,
  url =         {http://www.ivt.ethz.ch/vpl/publications/reports#896},
}

@TECHREPORT{JakobEtAl_TechRep_IVT_2015,
  AUTHOR =      Jakob # and # Menendez # and # CaoJ,
  TITLE =       {A dynamic macroscopic parking pricing model},
  INSTITUTION = uni-ethz-ivt # comma # uni-ethz,
  YEAR =        {2015},
  TYPE =        rep-wp-svt,
  number =      {105},
  address =     zurich,
  url =         {http://www.ivt.ethz.ch/svt/publications/papers#105},
}

@TECHREPORT{JanzenAxhausen_TechRep_IVT_2014,
  AUTHOR =      Janzen # and # Axhausen,
  TITLE =       {{Long-Term-C-TAP Simulation: Generating Long Distance Travel Demand for a full Year}},
  INSTITUTION = uni-ethz-ivt # comma # uni-ethz,
  YEAR =        {2014},
  TYPE =        rep-wp-vpl,
  number =      {1018},
  address =     zurich,
  url =         {http://www.ivt.ethz.ch/vpl/publications/reports#1018},
}

@TECHREPORT{JanzenVanhoofM_TechRep_IVT_2015,
  AUTHOR =      Janzen # and # VanhoofM,
  TITLE =       {{Report for the Collaboration between Orange Labs France and IVT, ETH Zurich}},
  INSTITUTION = {{Orange Labs, France}} # and # uni-ethz-ivt # comma # uni-ethz,
  YEAR =        {2015},
  TYPE =        rep-wp-vpl,
  number =      {1104},
  address =     zurich,
  url =         {http://www.ivt.ethz.ch/vpl/publications/reports#1104},
}

@TECHREPORT{JinEtAl_TechRep_FCL_2013,
  AUTHOR =      JinJG # and # TangLC # and # SunL # and # LeeDH,
  TITLE =       {Improving metro network resilience by incremental bus service adjustment},
  INSTITUTION = uni-ethz-ivt # comma # uni-ethz,
  YEAR =        {2013},
  TYPE =        rep-wp-vpl,
  number =      {918},
  address =     zurich,
  url =         {http://www.ivt.ethz.ch/vpl/publications/reports#918},
}

% K %%%%%%%%%%%%%%%%%%%%%%%%%%%%%%%%%%%%%%%%%%%%%%%%%%%%%%%%%%%%%%%%%%

@TECHREPORT{KaufmanEtAl_TechRep_UMICH_1991,
  AUTHOR =      Kaufman # and # Wunderlich # and # SmithRobertL,
  TITLE =       {An Iterative Routing/Assignment Method for Anticipatory Real-Time Route Guidance},
  INSTITUTION = uni-michigan-ioe # comma # uni-michigan,
  YEAR =        {1991},
  type =        rep-wp,
  number =      {91--02},
  address =     ann-arbor,
}

@TECHREPORT{KawasakiAxhausen_TechRep_IVT_2009,
  AUTHOR =      Kawasaki # and # Axhausen,
  TITLE =       {Choice Set Generation from {GPS} Data Set for Grocery Shopping Location Choice Modelling in Canton {Zurich}: The Comparison to {Swiss Microcensus} 2005},
  INSTITUTION = uni-ethz-ivt # comma # uni-ethz,
  YEAR =        {2009},
  TYPE =        rep-wp,
  number =      {595},
  address =     zurich,
}

@TECHREPORT{Karlstroem_TechRep_TLA_2004,
  AUTHOR =      Karlstroem,
  TITLE =       {A Dynamic Programming Approach for the Activity Generation and Scheduling Problem},
  INSTITUTION = uni-kth-tla # comma # uni-kth,
  YEAR =        {2004},
  type =        rep-wp,
  address =     stockholm,
}

@TECHREPORT{Keller_Styleguide,
   AUTHOR = Keller # and # Killer # and # Erath # and # Axhausen,
   TITLE = {{Hinweise für die Erstellung von studentischen Berichten}},
   INSTITUTION = uni-ethz-ivt,
   YEAR = {2008},
   TYPE = rep-wp-vpl,
   url   ={http://www.ivt.ethz.ch/education/2008_ivt_styleguide.pdf}
   address = {Zurich},
}

@TECHREPORT{Killer_TechRep_TSMS_2013,
  AUTHOR =      Killer,
  TITLE =       {German travel time and network distance matrices 1970-1987-1999-2006},
  INSTITUTION = uni-ethz-ivt # comma # uni-ethz,
  YEAR =        {2013},
  TYPE =        rep-tsms,
  number =      {29},
  address =     zurich,
  url =         {http://www.ivt.ethz.ch/vpl/publications/reports#888},
}

@TECHREPORT{KillerAxhausen_TechRep_IVT_2009_1,
  AUTHOR =      Killer # and # Axhausen,
  TITLE =       {Mapping Overlapping Commuting Areas},
  INSTITUTION = uni-ethz-ivt # comma # uni-ethz,
  YEAR =        {2009},
  TYPE =        rep-wp,
  number =      {555},
  address =     zurich,
}

@TECHREPORT{KillerAxhausen_TechRep_IVT_2009_2,
  AUTHOR =      Killer # and # Axhausen,
  TITLE =       {The Spatial and Temporal Change of Commuting Regions},
  INSTITUTION = uni-ethz-ivt # comma # uni-ethz,
  YEAR =        {2009},
  TYPE =        rep-wp,
  number =      {583},
  address =     zurich,
}

@TECHREPORT{KillerAxhausen_TechRep_IVT_2011,
  AUTHOR =      Killer # and # Axhausen,
  TITLE =       {Understanding Overlapping Functional Commuting Regions with Confidence Ellipses and Social Network Methods},
  INSTITUTION = uni-ethz-ivt # comma # uni-ethz,
  YEAR =        {2011},
  TYPE =        rep-wp,
  number =      {714},
  address =     zurich,
}

@TECHREPORT{KillerAxhausen_TechRep_IVT_2013,
  AUTHOR =      Killer # and # Kowald # and # Axhausen,
  TITLE =       {Similarities in residential choice models},
  INSTITUTION = uni-ethz-ivt # comma # uni-ethz,
  YEAR =        {2013},
  TYPE =        rep-wp-vpl,
  number =      {827},
  address =     zurich,
}

@TECHREPORT{KillerEtAl_TechRep_IVT_2013,
  AUTHOR =      Killer # and # Fuhrer # and # Guth # and # HolzRau # and # Axhausen,
  TITLE =       {{Road accessibility of Germany and Switzerland 1970-2007}},
  INSTITUTION = uni-ethz-ivt # comma # uni-ethz,
  YEAR =        {2013},
  TYPE =        rep-wp-vpl,
  number =      {936},
  address =     zurich,
  url =         {http://www.ivt.ethz.ch/vpl/publications/reports#936},
}

@TECHREPORT{Kisseleff_TechRep_IVT_2006,
  AUTHOR =      Kisseleff,
  TITLE =       {{Dynamik der Preisstrukturen im Luftverkehr}},
  INSTITUTION = uni-ethz-ivt # comma # uni-ethz,
  YEAR =        {2006},
  TYPE =        rep-semprj,
  number =      {38},
  address =     zurich,
  month =       jul,
  url =         {http://www.ivt.ethz.ch/docs/students/sem38.pdf},
}

@TECHREPORT{Kitamurabunch_TechRep_UCAD_1989,
  AUTHOR =      Kitamura # and # Bunch,
  TITLE =       {Heterogeneity and State Dependence in Household Car Ownership: A Panel Analysis Using Ordered-Response Probit Models With Error Components},
  INSTITUTION = uni-ca-its # comma # uni-ca,
  YEAR =        {1989},
  TYPE =        rep-wp,
  number =      {UCD-ITS-RR-89-06},
  address =     {Davis},
  month =       oct,
}

@TECHREPORT{KoenigAxhausen_SVI_2004,
  AUTHOR =      Koenig # and # Axhausen,
  TITLE =       {Zeitkostenansätze im {P}ersonenverkehr, final report for {SVI} 2001/534},
  INSTITUTION = {{UVEK}, {B}undesamt für {S}trassen},
  YEAR =        {2004},
  TYPE =        rep-schriftenreihe,
  number =      {1065},
  address =     bern,
}

@TECHREPORT{KosterKoster_Tinbergen_2013,
  AUTHOR =      Koster # and # KosterH,
  TITLE =       {Commuters' Preferences for Fast and Reliable Travel},
  INSTITUTION = org-ti,
  YEAR =        {2013},
  TYPE =        rep-wp,
  number =		{13-075/VIII},
  address =     amsterdam # and # rotterdam,
}

@TECHREPORT{KowaldAxhausen_TechRep_TSMS_2014,
  AUTHOR =      Kowald # and # Axhausen,
  TITLE =       {Snowball Data},
  INSTITUTION = uni-ethz-ivt # comma # uni-ethz,
  YEAR =        {2014},
  TYPE =        rep-tsms,
  number =      {45},
  address =     zurich,
  url =         {http://www.ivt.ethz.ch/vpl/publications/reports#1001},
}

@TECHREPORT{KowaldEtAl_TechRep_IVT_2012b,
  AUTHOR =      Kowald # and # Koot # and # Dobler # and # Axhausen,
  TITLE =       {{Soziales Verhalten in grossräumigen Evakuierungsereignissen in der Schweiz}},
  INSTITUTION = uni-ethz-ivt # comma # uni-ethz,
  YEAR =        {2012},
  TYPE =        rep-wp-vpl,
  number =      {711},
  address =     zurich,
  url =         {http://www.ivt.ethz.ch/vpl/publications/reports#711},
}

@TECHREPORT{KowaldEtAl_TechRep_IVT_2012a,
  AUTHOR =      Kowald # and # Dobler # and # Axhausen,
  TITLE =       {{S}oziales {V}erhalten in grossräumigen {E}vakuierungsereignissen: {E}rgebnisse einer {E}xpertenbefragung},
  INSTITUTION = uni-ethz-ivt # comma # uni-ethz,
  YEAR =        {2012},
  TYPE =        rep-wp-vpl,
  number =      {710},
  address =     zurich,
  url =         {http://www.ivt.ethz.ch/vpl/publications/reports#710},
}

@TECHREPORT{KowaldEtAl_TechRep_IVT_2011,
  AUTHOR =      Kowald # and # Dobler # and # Axhausen,
  TITLE =       {{D}er {E}influss sozialer {K}ontakte in grossräumigen {E}vakuationsereignissen},
  INSTITUTION = uni-ethz-ivt # comma # uni-ethz,
  YEAR =        {2011},
  TYPE =        rep-wp,
  number =      {683},
  address =     zurich,
  url =         {http://www.ivt.ethz.ch/vpl/publications/reports/ab683.pdf},
}

@TECHREPORT{KowaldAxhausen_TechRep_IVT_2010,
  AUTHOR =      Kowald # and # Axhausen,
  TITLE =       {Spatial distribution of connected leisure networks: Selected results from a snowball sample},
  INSTITUTION = uni-ethz-ivt # comma # uni-ethz,
  YEAR =        {2010},
  TYPE =        rep-wp,
  number =      {614},
  address =     zurich,
  url =         {http://www.ivt.ethz.ch/vpl/publications/reports/ab614.pdf},
}

@TECHREPORT{KreitzEtAl_TechRep_IVT_2001,
  AUTHOR =      Kreitz # and # Axhausen # and # Friedrich # and # Beckmann,
  TITLE =       {Mobiplan: An Internet-based Mobility Advisor},
  INSTITUTION = uni-ethz-ivt # comma # uni-ethz,
  YEAR =        {2001},
  TYPE =        rep-wp,
  number =      {34},
  address =     zurich,
  url =         {http://www.ivt.ethz.ch/vpl/publications/reports/ab34.pdf},
}

@TECHREPORT{KrummeEtAl_TechRep_MLMIT_2010,
  AUTHOR =      Krumme # and # Cebrian # and # Pentland,
  TITLE =       {Patterns of Individual Shopping Behavior},
  INSTITUTION = uni-mit-ml # comma # uni-mit,
  YEAR =        {2010},
  TYPE =        rep-wp,
  number =      {arXiv:1008.2556 [cs.CY]},
  address =     cambridge-ma,
  url =         {http://arxiv.org/abs/1008.2556},
}

% L %%%%%%%%%%%%%%%%%%%%%%%%%%%%%%%%%%%%%%%%%%%%%%%%%%%%%%%%%%%%%%%%%%

@TECHREPORT{LeeCMachemehl_TechRep_IVT_2005,
  AUTHOR =      LeeC # and # Machemehl,
  TITLE =       {Combined Traffic Signal Control and Traffic Assignment: Algorithms, Implementation and Numerical Results},
  INSTITUTION = uni-uta,
  YEAR =        {2005},
  TYPE =        rep-techrep,
  number =      {472840-00074-1},
  address =     austin,
  url =         {http://d2dtl5nnlpfr0r.cloudfront.net/swutc.tamu.edu/publications/technicalreports/472840-00074-1.pdf},
}

@TECHREPORT{LefebvreBalmer_TechRep_IVT_2007,
  AUTHOR =      Lefebvre # and # Balmer,
  TITLE =       {Fast Shortest Path Computation in Time-Dependent Traffic Networks},
  INSTITUTION = uni-ethz-ivt # comma # uni-ethz,
  YEAR =        {2007},
  TYPE =        rep-wp,
  number =      {439},
  address =     zurich,
  url =         {http://www.ivt.ethz.ch/vpl/publications/reports/ab439.pdf},
}

@TECHREPORT{LindseyVerhoef_TechRep_TI_2000,
  AUTHOR =      Lindsey # and # Verhoef,
  TITLE =       {Traffic {C}ongestion and {C}ongestion {P}ricing},
  INSTITUTION = org-ti,
  YEAR =        {2000},
  TYPE =        rep-wp,
  address =     amsterdam,
  url =         {http://dspace.ubvu.vu.nl/bitstream/1871/9420/1/00101.pdf},
}


@TECHREPORT{Lima_TechRep_LMPO_2006,
  AUTHOR =      {{Lima \& Associates}},
  TITLE =       {Lincoln {MPO} Travel Demand Model: Draft Model Documentation},
  INSTITUTION = {{Lincoln Metropolitan Planning Organization}},
  YEAR =        {2006},
  address =     {Lincoln, Nebraska},
  TYPE =        rep-techrep,
  url =         {https://www.lancaster.ne.gov/city/plan/mpo/travel/},
}

@TECHREPORT{LoechlEtAl_TechRep_IVT_2009,
  AUTHOR =      Loechl # and # Hauri # and # Axhausen,
  TITLE =       {Agents, Space and Market Shares: A Spatial Analysis of the {S}wiss Insurance Market},
  INSTITUTION = uni-ethz-ivt # comma # uni-ethz,
  YEAR =        {2009},
  TYPE =        rep-wp,
  number =      {557},
  address =     zurich,
}

@TECHREPORT{Loechl_TechRep_IVT_2008,
  AUTHOR =      Loechl,
  TITLE =       {{Standortplanung im Detail-/Einzelhandel: Auswertung von Interviews mit Unternehmen in Deutschland und der Schweiz}},
  INSTITUTION = uni-ethz-ivt # comma # uni-ethz,
  YEAR =        {2008},
  TYPE =        rep-wp,
  number =      {492},
  address =     zurich,
  url =         {http://www.ivt.ethz.ch/vpl/publications/reports/ab492.pdf},
}

@TECHREPORT{LoechlEtAl_TechRep_IVT_2006,
  AUTHOR =      Loechl # and # Buergle # and # Axhausen,
  TITLE =       {{I}mplementierung des integrierten {F}lächennutzungsmodells {U}rban{S}im für den {G}rossraum {Z}ürich~-- ein {E}rfahrungsbericht},
  INSTITUTION = uni-ethz-ivt # comma # uni-ethz,
  YEAR =        {2006},
  TYPE =        rep-wp,
  number =      {414},
  address =     zurich,
  url =         {http://www.ivt.ethz.ch/vpl/publications/reports/ab414.pdf},
}

@TECHREPORT{LoechlEtAl_TechRep_IVT_2007,
  AUTHOR =      Loechl # and # Buergle # and # Waldner,
  TITLE =       {{H}andbuch {S}imulationsmodell {G}rossraum {Z}ürich},
  INSTITUTION = uni-ethz-ivt # comma # uni-ethz,
  YEAR =        {2007},
  TYPE =        rep-wp,
  number =      {465},
  address =     zurich,
  url =         {http://www.ivt.ethz.ch/vpl/publications/reports/ab465.pdf},
}

@TECHREPORT{LoechlEtAl_TechRep_NSL_2005,
  AUTHOR =      Loechl # and # Waldner # and # Buergle,
  TITLE =       {Haushaltsbefragung zur {W}ohnsituation im {G}rossraum {Z}ürich~-- {T}abellenband},
  INSTITUTION = uni-ethz-ivt # comma # uni-ethz-nsl # comma # {Polyprojekt Zukunft urbane Kulturlandschaften},
  YEAR =        {2005},
  TYPE =        rep-wp,
  number =      {2},
  address =     zurich,
}

@TECHREPORT{Loechl_TechRep_TSMS_2005,
  AUTHOR =      Loechl,
  TITLE =       {Stability of Travel Behavior: Thurgau 2003},
  INSTITUTION = uni-ethz-ivt # comma # uni-ethz,
  YEAR =        {2005},
  TYPE =        rep-tsms,
  number =      {16},
  address =     zurich,
  url =         {http://www.ivt.ethz.ch/vpl/publications/reports/ab293.pdf},
}

@TECHREPORT{LoehrerSchwizer_TechRep_TCS_2008,
  AUTHOR =      Loehrer # and # Schwizer,
  TITLE =       {{TCS-Knowboard Nr. 41 - Treibstoffmarkt und Preise}},
  INSTITUTION = org-tcs,
  YEAR =        {2008},
  TYPE =        rep-techrep,
  url =         {http://www.tcs.ch/main/de/home/auto_moto/kosten/0.RightColumn.0002.CtxLinkDownloadFile2.pdf/KN41FuelMarketPrice_de.pdf},
}

@TECHREPORT{LohseEtAl_TechRep_VKW_1997,
  AUTHOR =      Lohse # and # Bachner # and # Dugge # and # Teichert,
  TITLE =       {{Ermittlung von Verkehrsströmen mit n-linearen Gleichungssystemen unter Beachtung von Nebenbedingungen einschliessich Parameterschätzung}},
  INSTITUTION = uni-tud-vkw # comma # uni-tud,
  YEAR =        {1997},
  TYPE =        rep-resrep,
  number =      {5},
  address =     dresden,
  month =       dec,
  url =         {http://vplno1.vkw.tu-dresden.de/vpl/viseva/Download/Heft-5.pdf},
}

@TECHREPORT{Lowry_RAND_1964,
author = Lowry,
title = {{A model of metropolis}},
year = {1964},
INSTITUTION = org-rand,
TYPE = {},
}

@TECHREPORT{LTA_unpub_2009,
  AUTHOR = {{Land Transport Authority}}
  TITLE = {Update of {E}conomic {E}valuation {P}arameters},
  INSTITUTION = org-lta,
  YEAR = {2009},
  TYPE =  rep-finalrep # { (unpublished)},
}

% M %%%%%%%%%%%%%%%%%%%%%%%%%%%%%%%%%%%%%%%%%%%%%%%%%%%%%%%%%%%%%%%%%%


@TECHREPORT{MaTLebacque_TechRep_INRETS_2007,
  AUTHOR =      MaT # and # Lebacque,
  TITLE =       {A Multi-Agent Approach to Dynamic Traffic Assignment Based on Activity},
  INSTITUTION = org-inrets,
  YEAR =        {2007},
  TYPE =        rep-wp,
  address =     arcueil,
}

@TECHREPORT{MackiePEtAl_ITS_2003,
	AUTHOR =  MackieP # and # Wardman # and # FowkesA # and # Whelan # and # Nellthorp # and # BatesJ,
	TITLE= {Values of travel time savings in the UK},
	YEAR= 2003,
	ADDRESS=  leeds,
	INSTITUTION=  uni-leeds # comma # uni-leeds-its,
	TYPE= rep-wp,


}

@TECHREPORT{McFadden_TechRep_ITS_1975,
  AUTHOR =      McFadden,
  TITLE =       {{On Independence, Structure, and Simultaneity in Transportation Demand Analysis}},
  INSTITUTION = uni-ca-its # comma # uni-ca,
  YEAR =        {1975},
  TYPE =        rep-wp,
  number =      {7511},
  address =     berkeley,
}

@TECHREPORT{McNallyRindt_TechRep_UCI_2008,
  AUTHOR =      McNally # and # Rindt,
  TITLE =       {The Activity-Based Approach},
  INSTITUTION = uni-ca-its # comma # uni-ca,
  YEAR =        {2008},
  TYPE =        rep-wp,
  number =      {UCI-ITS-AS-WP-07-1},
  address =     irvine,
}

@TECHREPORT{McNally_TechRep_UCI_1996,
  AUTHOR =      McNally,
  TITLE =       {An Activity-Based Microsimulation Model for Travel Demand Forecasting},
  INSTITUTION = uni-ca-its # comma # uni-ca,
  YEAR =        {1996},
  month = 		{may},
  TYPE =        rep-wp,
  number =      {UCI-ITS-AS-WP-96-1},
  address =     irvine,
}

@TECHREPORT{Meister_TechRep_UOS_2002,
  AUTHOR =      Meister,
  TITLE =       {{W}irkung ultrafeiner {P}artikel auf die menschliche {G}esundheit},
  INSTITUTION = uni-osnabrueck,
  YEAR =        {2002},
  type =        rep-termrep,
  url =         {http://www.usf.uos.de/usf/aktuelles/sywi_kolloq/08/ABSTRACT/kreyling-meister.pdf},
}

@TECHREPORT{Meister_TechRep_IVT_2008,
  AUTHOR =      Meister,
  TITLE =       {{Erstellung von MATSim Facilities für das Schweiz-Szenario}},
  INSTITUTION = uni-ethz-ivt # comma # uni-ethz,
  YEAR =        {2008},
  TYPE =        rep-wp,
  number =      {541},
  url =         {http://www.ivt.ethz.ch/vpl/publications/reports/ab541.pdf},
}

@TECHREPORT{MeisterEtAl_TechRep_IVT_2005,
  AUTHOR =      Meister # and # Balmer # and # Axhausen,
  TITLE =       {An Improved Replanning Module for Agent-Based Micro Simulations of Travel Behavior},
  INSTITUTION = uni-ethz-ivt # comma # uni-ethz,
  YEAR =        {2005},
  TYPE =        rep-wp,
  number =      {303},
  url =         {http://www.ivt.ethz.ch/vpl/publications/reports/ab303.pdf},
}

@TECHREPORT{MeisterZeibig_TechRep_UOS_2002,
  AUTHOR =      Meister # and # Zeibig,
  TITLE =       {{Der Neumarkt im Wandel der Zeit}},
  INSTITUTION = uni-osnabrueck,
  YEAR =        {2002},
  type =        rep-termrep,
}

@TECHREPORT{MenghiniEtAl_TechRep_IVT_2009,
  AUTHOR =      Menghini # and # Carrasco # and # Schuessler # and # Axhausen,
  TITLE =       {Route Choice of Cyclists: Discrete Choice Modelling Based on {GPS}-Data},
  INSTITUTION = uni-ethz-ivt # comma # uni-ethz,
  YEAR =        {2009},
  TYPE =        rep-wp,
  number =      {544},
  address =     zurich,
  url =         {},
}

@TECHREPORT{Midgley_TechRep_UN_2011,
  AUTHOR =      Midgley,
  TITLE =       {Bicycle-Sharing Schemes: Enhancing Sustainable Mobility in Urban Area},
  TYPE = rep-techrep,
  INSTITUTION = org-undesa,
  YEAR =        {2011},
  address =     newyork,
}

@TECHREPORT{MinderhoudEtAl_ResRep_uni-tudelft_1996,
  AUTHOR =      Minderhoud # and # Botma # and # Bovy,
  TITLE =       {An assessment of roadway capacity estimation methods},
  INSTITUTION = uni-tudelft,
  YEAR =        {1996},
  address =     delft,
}

@TECHREPORT{MontiniEtAl_TechRep_IVT_2013,
  AUTHOR =      Montini # and # Schuessler # and # Horni # and # Axhausen,
  TITLE =       {{Trip Purpose Identification from GPS Tracks}},
  INSTITUTION = uni-ethz-ivt # comma # uni-ethz,
  YEAR =        {2013},
  TYPE =        rep-wp-vpl,
  number =      {951},
  address =     zurich,
  url =         {http://www.ivt.ethz.ch/vpl/publications/reports#951},
}

@TECHREPORT{MontiniRieserSchuessler_TechRep_Peacox_2014,
  AUTHOR =      Montini # and # RieserSchuessler,
  TITLE =       {Peacox -- {I}mplementation and evaluation of learning routines for mode and trip purpose detection},
  INSTITUTION = uni-ethz-ivt # comma # uni-ethz,
  YEAR =        {2014},
  TYPE =        rep-deliv,
  number =      {D4.3},
  address =     zurich,
  url =         {http://www.ivt.ethz.ch/vpl/publications/reports#1009},
}

@TECHREPORT{MontiniRieserSchuessler_TechRep_Peacox_2014_2,
  AUTHOR =      Montini # and # RieserSchuessler,
  TITLE =       {Peacox -- {I}mplementation and pretest of the trip purpose detection},
  INSTITUTION = uni-ethz-ivt # comma # uni-ethz,
  YEAR =        {2014},
  TYPE =        rep-deliv,
  number =      {D4.2},
  address =     zurich,
  url =         {http://www.ivt.ethz.ch/vpl/publications/reports#1037},
}

@TECHREPORT{MuellerK_TechRep_IVT_2016,
  AUTHOR =      MuellerK,
  TITLE =       {Accelerating weighted random sampling without replacement},
  INSTITUTION = uni-ethz-ivt # comma # uni-ethz,
  YEAR =        {2016},
  TYPE =        rep-wp-vpl,
  number =      {1141},
  address =     zurich,
  url =         {http://www.ivt.ethz.ch/vpl/publications/reports#1141},
}

@TECHREPORT{MuellerKAxhausen_TechRep_IVT_2013,
  AUTHOR =      MuellerK # and # Axhausen,
  TITLE =       {Using survey calibration and statistical matching to reweight and distribute activity schedules},
  INSTITUTION = uni-ethz-ivt # comma # uni-ethz,
  YEAR =        {2013},
  TYPE =        rep-wp-vpl,
  number =      {948},
  address =     zurich,
  url =         {http://www.ivt.ethz.ch/vpl/publications/reports#948},
}

@TECHREPORT{Murray_TechRep_ASU_2010_1,
  AUTHOR =      Murray,
  TITLE =       {Reducing Network Vulnerability through Strategic Protection},
  INSTITUTION = uni-asu-geo # comma # uni-asu,
  YEAR =        {2010},
  TYPE =        rep-wp,
  address =     tempe,
  url =         {},
}

@TECHREPORT{Murray_TechRep_ASU_2010_2,
  AUTHOR =      Murray,
  TITLE =       {Fortification of Network Infrastructure to Reduce Vulnerability},
  INSTITUTION = uni-asu-geo # comma # uni-asu,
  YEAR =        {2010},
  TYPE =        rep-wp,
  address =     tempe,
  url =         {},
}

@TECHREPORT{MuehlethalerEtAl_TechRep_IVT_2012,
  AUTHOR =      Muehlethaler # and # Axhausen # and # Ciari # and # TschannenSuess # and # GertschJossi,
  TITLE =       {{Potenzial von Fahrgemeinschaften}},
  INSTITUTION = uni-ethz-ivt # comma # uni-ethz,
  YEAR =        {2012},
  TYPE =        rep-wp-vpl,
  number =      {838},
  address =     zurich,
  url =         {http://www.ivt.ethz.ch/vpl/publications/reports#838},
}

@TECHREPORT{MVA_TechRep_2000,
  AUTHOR =      "org-mva",
  INSTITUTION = "org-mva",
  TITLE =       {{Etude de l’impact des phénomènes d’irregularité des autobus – Analyse des resultats}},
  YEAR =        {2000},
  address =     paris,
}

% N %%%%%%%%%%%%%%%%%%%%%%%%%%%%%%%%%%%%%%%%%%%%%%%%%%%%%%%%%%%%%%%%%%
@TECHREPORT{Nash_TechRep_ITS_2003,
  AUTHOR =      NashC # and # {{with contributions from partners}} # and # {{}},
  TITLE =       {{UNI}fication of accounts andmarginal costs for {T}ransport {E}fficiency.{F}inal {R}eport for {P}ublication},
  INSTITUTION = uni-leeds-its # comma # uni-leeds,
  YEAR =        {2003},
  type =        rep-finalrep,
  address =     leeds,
  url =         {http://www.its.leeds.ac.uk/projects/unite/},
}

@TECHREPORT{NagelAxhausen_TechRep_IVT_2001,
  AUTHOR =      Nagel # and # Axhausen,
  TITLE =       {Workshop Report: Microsimulation},
  INSTITUTION = uni-ethz-ivt # comma # uni-ethz,
  YEAR =        {2001},
  type =        rep-wp,
  number =      {49},
  address =     zurich,
  url =         {http://www.ivt.ethz.ch/docs/students/ab49.pdf},
}

@TECHREPORT{NicolaiEtAl_TechRep_VSP_2011,
  AUTHOR =      Nicolai # and # WangLQ # and # Nagel # and # Waddell,
  TITLE =       {Coupling an Urban Simulation Model With a Travel Model - A First Sensitivity Test},
  INSTITUTION = uni-tub-vsp # comma # uni-tub,
  YEAR =        {2011},
  type =        rep-wp,
  number =      {11-07},
  address =     berlin,
}

% O %%%%%%%%%%%%%%%%%%%%%%%%%%%%%%%%%%%%%%%%%%%%%%%%%%%%%%%%%%%%%%%%%%

@TECHREPORT{Ohnmacht_TechRep_IVT_2006,
  AUTHOR =      Ohnmacht,
  TITLE =       {Mapping Social Networks in Time and Space},
  INSTITUTION = uni-ethz-ivt # comma # uni-ethz,
  YEAR =        2006,
  TYPE =        rep-wp,
  number =      {341},
  address =     zurich,
}

@TECHREPORT{Ordonez_TechRep_FCL_forth,
  AUTHOR =      Ordonez,
  TITLE =       {Estimating workplace capacities using public transport smart card data and a household travel survey},
  INSTITUTION = uni-ethz-fcl # comma # uni-ethz,
  YEAR =        forth,
  TYPE =        rep-wp,
  address =     zurich,
}

@TECHREPORT{Ordonez_TechRep_FCL_2012,
  AUTHOR =      Ordonez,
  TITLE =       {Estimating workplace capacities using public transport smart card data and a household travel survey},
  INSTITUTION = uni-ethz-fcl # comma # uni-ethz,
  YEAR =        {2012},
  TYPE =        rep-wp,
  address =     zurich,
}

@TECHREPORT{Ordonez_TechRep_IVT_2012,
  AUTHOR =      Ordonez # and #Erath,
  TITLE =       {Estimating dynamic workplace capacities using public transport smart card data and a household travel survey},
  INSTITUTION = uni-ethz-ivt # comma # uni-ethz,
  YEAR =        {2012},
  TYPE =        rep-wp-vpl,
  number =	828,
  address =     zurich,
  url =		{http://www.ivt.ethz.ch/vpl/publications/reports#828},
}

@TECHREPORT{OrdonezErath_TechRep_FCL_2013,
  AUTHOR =      Ordonez # and #Erath,
  TITLE =       {New dynamic events-based public transport router for agent-based simulations},
  INSTITUTION = uni-ethz-ivt # comma # uni-ethz,
  YEAR =        {2013},
  TYPE =        rep-wp-vpl,
  number =	921,
  address =     zurich,
  url =	        {http://www.ivt.ethz.ch/vpl/publications/reports#921},
}

@TECHREPORT{OrtigosaEtAl_TechRep_IVT_2014,
  AUTHOR =      Ortigosa # and # Gayah # and # Menendez,
  TITLE =       {Analysis of one-way and two-way street configurations on urban grid networks},
  INSTITUTION = uni-ethz-ivt # comma # uni-ethz,
  YEAR =        {2014},
  TYPE =        rep-wp-svt,
  number =      {75},
  address =     zurich,
  url =         {http://www.ivt.ethz.ch/svt/publications/papers#75},
}

@TECHREPORT{OsorioBierlaire_TechRep_TRANSP_2010,
  AUTHOR =      Osorio # and # Bierlaire,
  TITLE =       {simulation-based optimization framework for urban traffic control},
  INSTITUTION = uni-epfl # comma # uni-epfl-transpor,
  YEAR =        {2010},
  TYPE =        rep-resrep,
  address =     lausanne,
}

@TECHREPORT{OutwaterEtAl_TechRep_FHAW_2015,
  AUTHOR =      Outwater # and # Bradley # and # Ferdous # and # Trevino # and # LinH,
  TITLE =       {Foundational Knowledge to Support a Long-Distance Passenger Travel Demand Modeling Framework},
  INSTITUTION = uni-oxford-tsu # comma # uni-oxford,
  YEAR =        {2015},
  TYPE =        rep-techrep,
  url =         {http://www.fhwa.dot.gov/policy/modelframework/model_framework.pdf},
}

% P %%%%%%%%%%%%%%%%%%%%%%%%%%%%%%%%%%%%%%%%%%%%%%%%%%%%%%%%%%%%%%%%%%

@TECHREPORT{PagliaraPreston_TechRep_TSU_2003,
  AUTHOR =      Pagliara # and # Preston,
  TITLE =       {The impact of transport on residential location},
  INSTITUTION = uni-oxford-tsu # comma # uni-oxford,
  YEAR =        {2003},
  TYPE =        rep-wp,
  address =     oxford,
}

@TECHREPORT{PeerEtAl_TechRep_Tinbergen_2011,
  AUTHOR =      Peer # and # Verhoef # and # Knockaert # and # Koster # and # Tseng,
  TITLE =       {Long-run vs. short-run perspectives on consumer scheduling: Evidence from a revealed-preference experiment among peak-hour road commuters},
  INSTITUTION = org-ti,
  YEAR =        {2011},
  TYPE =        rep-wp,
  number =		{11-181/3},
  address =     amsterdam # and # rotterdam,
}


@TECHREPORT{Pelling_TechRep_ISDR_2004,
  AUTHOR =      Pelling,
  TITLE =       {Visions of risk: a review of international indicators of disaster risk and its management},
  INSTITUTION = org-un-isdr # comma # org-un,
  YEAR =        {2004},
  TYPE =        rep-resrep,
  address =     geneva,
}


@TECHREPORT{Pendyala_TechRep_FDOT_2004,
  AUTHOR =      Pendyala,
  TITLE =       {Phased Implementation of a Multimodal Activity-Based Travel Demand Modeling System in {Florida}. Volume {II}: {FAMOS} Users Guide},
  INSTITUTION = org-fdot,
  YEAR =        {2004},
  TYPE =        rep-resrep,
  address =     tallahassee,
  url =         {http://www.eng.usf.edu/\~pendyala/publications/report/FAMOS\%20Users\%20Guide.pdf},
}


@TECHREPORT{Peters_TechRep_TSMS_2013,
  AUTHOR =      Peters,
  TITLE =       {{Grossbefragung ``Mobilität und Autokauf``}},
  INSTITUTION = uni-ethz-ivt # comma # uni-ethz,
  YEAR =        {2013},
  TYPE =        rep-tsms,
  number =      {32},
  address =     zurich,
  url =         {http://www.ivt.ethz.ch/vpl/publications/reports#891},
}

@TECHREPORT{PicardAntoniou_TechRep_SustainCity_2011,
  AUTHOR =      Picard # and # Antoniou,
  TITLE =       {Econometric guidance},
  INSTITUTION = {{SustainCity} project} # comma # uni-cergypontoise,
  YEAR =        {2011},
  TYPE =        rep-deliv,
  number =      {5.1},
  address =     cergypontoise,
}

@TECHREPORT{PinjariBhat_TechRep_SFL_2010,
  AUTHOR =      Pinjari # and # Bhat,
  TITLE =       {An Efficient Forecasting Procedure for {K}uhn-{T}ucker Consumer Demand Model Systems: Application to Residential Energy Consumption Analysis},
  INSTITUTION = uni-sfl,
  YEAR =        {2010},
  TYPE =        rep-techrep,
  month =       jul,
  url =         {http://www.ce.utexas.edu/prof/bhat/ABSTRACTS/Pinjari_Bhat_MDCEV_Forecasting_June14_RES.pdf},
}

@TECHREPORT{PolakAxhausen_TechRep_TSU_1990,
  AUTHOR =      Polak # and # Axhausen,
  TITLE =       {Parking Search behaviour: A Review of Current Research and Future Prospects},
  INSTITUTION = uni-oxford-tsu # comma # uni-oxford,
  YEAR =        {1990},
  type =        rep-wp,
  number =      {540},
  address =     oxford,
}

@TECHREPORT{PolakOladeine_TechRep_ICL_2002,
  AUTHOR =      Polak # and # Oladeine,
  TITLE =       {An empirical model of travelers' day-to-day learning in the presence of uncertain travel times},
  INSTITUTION = {Centre for Transport Studies, Imperial College London},
  YEAR =        {2002},
  type =        rep-wp,
  number =      {},
  address =     london,
}

@TECHREPORT{PortnovEtAl_TechRep_IVT_2009,
  AUTHOR =      Portnov # and # Axhausen # and # Tschopp # and # Schwartz,
  TITLE =       {Location Relativity - Spatiotemporal Dimension: Some Evidence from {S}wiss {M}unicipalities 1950-2000},
  INSTITUTION = uni-ethz-ivt # comma # uni-ethz,
  YEAR =        {2009},
  TYPE =        rep-wp,
  number =      {521},
  address =     zurich,
}

@TECHREPORT{Prasad_TechRep_FCL_2013,
  AUTHOR =      PrasadK,
  TITLE =       {{3D Pedestrian Network of U-Town}},
  INSTITUTION = uni-ethz-fcl,
  YEAR =        {2013},
  TYPE =        {{Summer Project Report}},
  address =     singapore,
}

@TECHREPORT{ProstEtAl_TechRep_Peacox_2013,
  AUTHOR =      Prost # and # Roederer # and # Schrammel # and # Bothos # and # Montini # and # AlamS,
  TITLE =       {Peacox -- Field Trials {I} Report},
  INSTITUTION = {{PEACOX} project} # comma # org-cure,
  YEAR =        {2013},
  TYPE =        rep-deliv,
  number =      {D7.4},
  address =     vienna,
  url =         {http://www.project-peacox.eu/uploads/media/peacox/public_deliverables/PEACOX_D7_4_Field_Trials_I_Report_v1_0.pdf},
}


% Q %%%%%%%%%%%%%%%%%%%%%%%%%%%%%%%%%%%%%%%%%%%%%%%%%%%%%%%%%%%%%%%%%%

@TECHREPORT{Quarantelli_Prelim_Delaware_1990,
  AUTHOR =      Quarantelli,
  TITLE =       {The Warning Process And Evacuation Behavior: The Research Evidence},
  INSTITUTION = uni-delaware,
  YEAR =        {1990},
  TYPE =        rep-prelim,
  number =      {148},
  address =     delaware,
}

% R %%%%%%%%%%%%%%%%%%%%%%%%%%%%%%%%%%%%%%%%%%%%%%%%%%%%%%%%%%%%%%%%%%


@TECHREPORT{Rajagopal_TechRep_ITESM_2006,
  AUTHOR =      Rajagopal,
  TITLE =       {Leisure Shopping Behavior and Recreational Retailing: A Symbiotic Analysis of Marketplace Strategy and Consumer Response},
  INSTITUTION = {Graduate School of Administration and Management (EGADE), Monterrey Institute of Technology and Higher Education (ITESM)},
  YEAR =        {2006},
  TYPE =        rep-wp,
  number =      {06/2006},
  address =     mexicocity,
  url =         {http://papers.ssrn.com/sol3/papers.cfm?abstract_id=914086},
}

@TECHREPORT{RaiEtAl_TechRep_IVT_2006,
  AUTHOR =      Rai # and # Balmer # and # Rieser # and # Vaze # and # Schoenfelder # and # Axhausen,
  TITLE =       {Capturing Human Activity Spaces: New Geometries},
  INSTITUTION = uni-ethz-ivt # comma # uni-ethz,
  YEAR =        {2006},
  TYPE =        rep-wp,
  number =      {378},
  address =     zurich,
  url =         {http://www.ivt.ethz.ch/vpl/publications/reports/ab378.pdf},
}

@TECHREPORT{RamaduraiUkkusuri_TechRep_RPI_2008,
  AUTHOR =      Ramadurai # and # Ukkusuri,
  TITLE =       {Dynamic User Equilibrium Model for Combined Activity-Travel Choices Using Activity-Travel Supernetwork Representation},
  INSTITUTION = {Rensselaer Polytechnic Institute},
  YEAR =        {2008},
  TYPE =        rep-wp,
  number =      {},
  address =     {Troy, NY},
  month =       aug,
}

@TECHREPORT{RamjerdiEtAl_TechRep_TOI_2010,
	AUTHOR =  Ramjerdi # and # Fluegel # and # Samstad # and # Killi,
	TITLE= {Summary: {V}alue of time, safety and environment in passenger transport time},
	INSTITUTION = org-toi # comma # org-nctr,
	YEAR= 2010,
	number = {1053B/2010},
	address = oslo,
  TYPE =        rep-techrep,
}

@TECHREPORT{RamjerdiEtAl_TechRep_TOI_1997,
	AUTHOR =  Ramjerdi # and # Rand # and # Saetermo # and # Saelensminde,
	TITLE= {The {N}orwegian {V}alue of {T}ime {S}tudy Part {I}},
	YEAR= 1997,
	INSTITUTION = org-toi # comma # org-nctr,
	number = {379/1997},
	address = oslo,
  TYPE =        rep-techrep,

}

@TECHREPORT{Ramos_TechRep_NDRRMC_2011,
  AUTHOR =      Ramos,
  TITLE =       {Effects of Tropical Storm "SENDONG" (Washi)},
  INSTITUTION = {NDRRMC},
  YEAR =        {2011},
  TYPE =        rep-techrep,
  number =      {Update Sitrep No. 9 re},
  address =     {Quezon City},
}

@TECHREPORT{ReusserMeister_TechRep_UOS_2004,
  AUTHOR =      Reusser # and # Meister,
  TITLE =       {{MARKS - Ein agentenbasiertes Modell des Marx'schen Wertgesetzes}},
  INSTITUTION = uni-osnabrueck,
  YEAR =        {2004},
  type =        rep-semprj,
  url =         {http://www.usf.uos.de/\textasciitilde kmeister/MARKS\_Article.pdf},
}

@TECHREPORT{Rieser_TechRep_IVT_2004,
  AUTHOR =      Rieser,
  TITLE =       {{B}erechnung von {N}achfragematrizen mit {VISEM}},
  INSTITUTION = uni-ethz-ivt # comma # uni-ethz,
  YEAR =        {2004},
  type =        rep-semprj,
  number =      {23},
  address =     zurich,
  url =         {http://www.ivt.ethz.ch/docs/students/sem23.pdf},
}

@TECHREPORT{Rieser_TechRep_IVT_2004_2,
  AUTHOR =      Rieser,
  TITLE =       {Generating Day Plans from Origin-Destination Matrices},
  INSTITUTION = uni-ethz-ivt # comma # uni-ethz,
  YEAR =        {2004},
  type =        rep-semprj,
  number =      {29},
  address =     zurich,
  url =         {http://www.ivt.ethz.ch/docs/students/sem29.pdf},
}

@TECHREPORT{RieserSchuesslerAxhausen_TechRep_TSMS_2014,
  AUTHOR =      RieserSchuessler # and # Axhausen,
  TITLE =       {Psychometric Scales Survey},
  INSTITUTION = uni-ethz-ivt # comma # uni-ethz,
  YEAR =        {2014},
  type =        rep-tsms,
  number =      {57},
  address =     zurich,
  url =         {http://www.ivt.ethz.ch/vpl/publications/reports#1022},
}

@TECHREPORT{RieserSchuesslerEtAl_TechRep_IVT_2014,
  AUTHOR =      RieserSchuessler # and # Rieser # and # Montini # and # Axhausen,
  TITLE =       {Exploring choice set generation approaches for public transport connection choice},
  INSTITUTION = uni-ethz-ivt # comma # uni-ethz,
  YEAR =        {2014},
  type =        rep-wp-vpl,
  number =      {1023},
  address =     zurich,
  url =         {http://www.ivt.ethz.ch/vpl/publications/reports#1023},
}

@TECHREPORT{RieserEtAl_TechRep_IVT_2007,
  AUTHOR =      Rieser # and # Beuck # and # Grether # and # Chen # and # Nagel # and # Axhausen,
  TITLE =       {Multi-agent transport simulations and economic evaluation},
  INSTITUTION = uni-ethz-ivt # comma # uni-ethz,
  YEAR =        {2007},
  type =        rep-wp,
  number =      {457},
  address =     zurich,
  url =         {http://www.ivt.ethz.ch/vpl/publications/reports/ab457.pdf},
}

@TECHREPORT{RieserEtAl_TechRep_VSP_2007,
  AUTHOR =      Rieser # and # Beuck # and # Nagel,
  TITLE =       {Researching the Influence of Time-Dependent Tolls with a Multi-Agent Traffic Simulation},
  INSTITUTION = uni-tub-vsp # comma # uni-tub,
  YEAR =        {2007},
  TYPE =        rep-wp,
  number =      {07--17},
  address =     berlin,
  url =         {http://fgvsp01.vsp.tu-berlin.de/biblio/230/},
}


% S %%%%%%%%%%%%%%%%%%%%%%%%%%%%%%%%%%%%%%%%%%%%%%%%%%%%%%%%%%%%%%%%%%

@TECHREPORT{SaeedniaMenendez_TechRep_IVT_2015,
  AUTHOR =      Saeednia # and # Menendez,
  TITLE =       {{Practical Implications of Truck Platooning Strategies}},
  INSTITUTION = uni-ethz-ivt # comma # uni-ethz,
  YEAR =        {2015},
  TYPE =        rep-wp-svt,
  number =      {95},
  address =     zurich,
  url =         {http://www.ivt.ethz.ch/svt/publications/papers#95},
}

@TECHREPORT{SammerEtAl_TechRep_BVIT_2013,
  AUTHOR =      Sammer # and # Roeschel # and # Gruber,
  TITLE =       {{Qualitätssicherung für die Anwendung von Verkehrsnachfragemodellen und Verkehrsprognosen}},
  INSTITUTION = {Bundesministerium für Verkehr, Innovation und Technologie},
  YEAR =        {2013},
  type =        {Schriftenreihe Straßenforschung},
  number =      {604},
  address = 		vienna,
}

@TECHREPORT{Saner_TechRep_IVT_2012,
  AUTHOR =     Saner # and # Waraich # and # Jaeggi # and # Heeren # and # Hellweg,
  TITLE =       {Stochastic modeling of households' housing and mobility consumption patterns for life cycle assessment},
  INSTITUTION = uni-ethz-ivt # comma # uni-ethz,
  YEAR =        {2012},
  type =        rep-wp-vpl,
  number = 	{809},
  address =     zurich,
}

@TECHREPORT{SarlasAxhausen_TechRep_IVT_2014,
  AUTHOR =      Sarlas # and # Axhausen,
  TITLE =       {Localized speed prediction with the use of spatial simultaneous autoregressive models},
  INSTITUTION = uni-ethz-ivt # comma # uni-ethz,
  YEAR =        {2014},
  TYPE =        rep-wp-vpl,
  number =      {1017},
  address =     zurich,
  url =         {http://www.ivt.ethz.ch/vpl/publications/reports#1017},
}

@TECHREPORT{SarlasAxhausen_TechRep_IVT_2015,
  AUTHOR =      Sarlas # and # Axhausen,
  TITLE =       {Prediction of {AADT} on a nationwide network level based on an accessibility weighted centrality measure},
  INSTITUTION = uni-ethz-ivt # comma # uni-ethz,
  YEAR =        {2015},
  TYPE =        rep-wp-vpl,
  number =      {1094},
  address =     zurich,
  url =         {http://www.ivt.ethz.ch/vpl/publications/reports#1094},
}

@TECHREPORT{SarlasAxhausen_TechRep_FaLC_2014,
  AUTHOR =      Sarlas # and # Axhausen,
  TITLE =       {Facility Location Choice Simulation Tool ({FaLC}): Transport Simulation Module -- Speed Regression},
  INSTITUTION = uni-ethz-ivt # comma # uni-ethz,
  YEAR =        {2014},
  TYPE =        rep-deliv,
  address =     zurich,
  url =         {http://www.ivt.ethz.ch/vpl/publications/reports#1019},
}

@TECHREPORT{SasidharanMenendez_TechRep_IVT_2014,
  AUTHOR =      Sasidharan # and # Menendez,
  TITLE =       {{Partial Proportional Odds Model - A Better Choice for Analyzing Pedestrian Crash Injury Severities}},
  INSTITUTION = uni-ethz-ivt # comma # uni-ethz,
  YEAR =        {2014},
  TYPE =        rep-wp-svt,
  number =      {63},
  address =     zurich,
  url =         {http://www.ivt.ethz.ch/svt/publications/papers#63},
}

@TECHREPORT{SasidharanMenendez_TechRep_IVT_2014_2,
  AUTHOR =      Sasidharan # and # Menendez,
  TITLE =       {{Beneficial and Detrimental Factors Influencing Pedestrian Crash Injury Severities in Switzerland Using Partial Proportional Odds Model}},
  INSTITUTION = uni-ethz-ivt # comma # uni-ethz,
  YEAR =        {2014},
  TYPE =        rep-wp-svt,
  number =      {71},
  address =     zurich,
  url =         {http://www.ivt.ethz.ch/svt/publications/papers#71},
}

@TECHREPORT{SAZH_TechRep_SAZH_2010,
  AUTHOR =      "org-sazh",
  TITLE =       {{Siedlungsprognosen für Gesamtverkehrsmodell Kanton Zürich}},
  INSTITUTION = org-sazh,
  YEAR =        {2010},
  TYPE =        rep-techrep,
  address =     zurich,
}

@TECHREPORT{SBB_TechRep_SBB_2009,
  AUTHOR =      "org-sbb",
  TITLE =       {{Geschäftsbericht 2008}},
  INSTITUTION = org-sbb,
  YEAR =        {2009},
  TYPE =        rep-techrep,
  address =     bern,
}
@TECHREPORT{SBB_ResRep_2005,
  AUTHOR =      "org-sbb",
  TITLE =       {{Kontinuierliche Erhebung Personenverkehr (KEP)}},
  INSTITUTION = org-sbb,
  YEAR =        {2005},
  TYPE =        rep-finalrep,
  address =     bern,
}

@TECHREPORT{SchererDerungs_TechRep_HSG_2008,
  AUTHOR =      SchererR # and # Derungs,
  TITLE =       {{S}tandortwahl von {U}nternehmen: Ein {E}ntscheidungsprozess zwischen {R}ationalität und {E}motionalität},
  INSTITUTION = uni-hsg-idt # comma # uni-hsg,
  YEAR =        {2008},
  type =        rep-wp,
  address =     stgallen,
}

@TECHREPORT{SchirmerEtAl_TechRep_IVT_2014,
  AUTHOR =      Schirmer # and # VanEggermond # and # Axhausen,
  TITLE =       {{The Role of Location in Residential Location Choice Models -- A Review of Literature}},
  INSTITUTION = uni-ethz-ivt # comma # uni-ethz,
  YEAR =        {2014},
  TYPE =        rep-wp-vpl,
  number =      {981},
  address =     zurich,
  url =         {http://www.ivt.ethz.ch/vpl/publications/reports#981},
}

@TECHREPORT{SchirmerEtAl_TechRep_TSMS_2013_ChoiceSetSampling,
  AUTHOR =      Schirmer # and # Belart # and # Axhausen,
  TITLE =       {{Wohnstandortwahl im Grossraum Zürich - Choice Set Sampling}},
  INSTITUTION = uni-ethz-ivt # comma # uni-ethz,
  YEAR =        {2013},
  type =        rep-tsms,
  number =      {55},
  address =     zurich,
  url =         {http://www.ivt.ethz.ch/vpl/publications/reports#959},
}

@TECHREPORT{SchirmerEtAl_TechRep_TSMS_2013_Haushaltsbefragung,
  AUTHOR =      Schirmer # and # Belart # and # Axhausen,
  TITLE =       {{Wohnstandortwahl im Grossraum Zürich - Haushaltsbefragung}},
  INSTITUTION = uni-ethz-ivt # comma # uni-ethz,
  YEAR =        {2013},
  type =        rep-tsms,
  number =      {54},
  address =     zurich,
  url =         {http://www.ivt.ethz.ch/vpl/publications/reports#958},
}

@TECHREPORT{SchlichEtAl_TechRep_IVT_2002,
  AUTHOR =      Schlich # and # Schoenfelder # and # Hanson # and # Axhausen,
  TITLE =       {Leisure Travel in a historical perspective - Changes in the structures of time and space use},
  INSTITUTION = uni-ethz-ivt # comma # uni-ethz,
  YEAR =        {2002},
  type =        rep-wp,
  number =      {107},
  address =     zurich,
  url =         {https://www.ivt.ethz.ch/vpl/publications/reports/index/edit/ab107.pdf},
}

@TECHREPORT{SchlichEtAl_TechRep_IVT_2003,
  AUTHOR =      Schlich # and # Simma # and # Axhausen,
  TITLE =       {{Determinanten des Freizeitverkehrs - Modellierung und empirische Befunde}},
  INSTITUTION = uni-ethz-ivt # comma # uni-ethz,
  YEAR =        {2003},
  type =        rep-wp,
  number =      {190},
  address =     zurich,
  url =         {https://www.ivt.ethz.ch/vpl/publications/reports/index/edit/ab190.pdf},
}

@TECHREPORT{SchlichEtAl_TechRep_IVT_2003_a,
  AUTHOR =      Schlich # and # Simma # and # Axhausen,
  TITLE =       {{Zielwahl im Freizeitverkehr}},
  INSTITUTION = uni-ethz-ivt # comma # uni-ethz,
  YEAR =        {2003},
  type =        rep-wp,
  number =      {181},
  address =     zurich,
  url =         {https://www.ivt.ethz.ch/vpl/publications/reports/index/edit/ab181.pdf},
}

@TECHREPORT{SchlichAxhausen_TechRep_IVT_2003,
  AUTHOR =      Schlich # and # Axhausen,
  TITLE =       {{Wohnumfeld und Freizeitverkehr - eine Untersuchung zur Fluchttheorie}},
  INSTITUTION = uni-ethz-ivt # comma # uni-ethz,
  YEAR =        {2003},
  type =        rep-wp,
  number =      {155},
  address =     zurich,
  url =         {https://www.ivt.ethz.ch/vpl/publications/reports/index/edit/ab155.pdf},
}

@TECHREPORT{Schlich_TechRep_TSMS_2004,
  AUTHOR =      Schlich,
  TITLE =       {12 Weeks of Leisure Travel Survey},
  INSTITUTION = uni-ethz-ivt # comma # uni-ethz,
  YEAR =        {2004},
  TYPE =        rep-tsms,
  number =      {10},
  address =     zurich,
  url =         {http://www.ivt.ethz.ch/vpl/publications/reports/ab263.pdf},
}

@TECHREPORT{SchmidAxhausen_TechRep_IVT_2015,
  AUTHOR =      Schmid # and # Axhausen,
  TITLE =       {{Testing Efficient Stated Choice Designs}},
  INSTITUTION = uni-ethz-ivt # comma # uni-ethz,
  YEAR =        {2015},
  TYPE =        rep-wp-vpl,
  number =      {1032},
  address =     zurich,
  url =         {http://www.ivt.ethz.ch/vpl/publications/reports#1032},
}

@TECHREPORT{SchmidEtAl_TechRep_IVT_2015,
  AUTHOR =      Schmid # and # Schmutz # and # Axhausen,
  TITLE =       {{Explaining Mode Choice, Taste Heterogeneity and Cost Sensitivity in a Post-Car World}},
  INSTITUTION = uni-ethz-ivt # comma # uni-ethz,
  YEAR =        {2015},
  TYPE =        rep-wp-vpl,
  number =      {1087},
  address =     zurich,
  url =         {http://www.ivt.ethz.ch/vpl/publications/reports#1087},
}

@TECHREPORT{SchmutzAxhausen_TechRep_TSMS_2015,
  AUTHOR =      Schmutz # and # Axhausen,
  TITLE =       {Master Thesis: Choice Sets},
  INSTITUTION = uni-ethz-ivt # comma # uni-ethz,
  YEAR =        {2015},
  TYPE =        rep-tsms,
  number =      {58},
  address =     zurich,
  url =         {http://www.ivt.ethz.ch/vpl/publications/reports#1049},
}

@TECHREPORT{Schneider_TechRep_ICOS_2003,
  AUTHOR =      Schneider,
  TITLE =       {{G}enetische {A}lgorithmen zur {O}ptimierung von {T}agesplänen für {V}erkehrsteilnehmer},
  INSTITUTION = uni-ethz-icos # comma # uni-ethz,
  YEAR =        {2003},
  type =        rep-semprj,
  address =     zurich,
  url =         {http://www.vsp.tu-berlin.de/archive/sim-archive/publications/schneider.adrian-sa/optimizer.pdf},
}

@TECHREPORT{Schneider_TechRep_2009,
  AUTHOR =      SchneiderJ,
  TITLE =       {{Geschäftsreisende 2009: Strukturen, Einstellungen, Verhalten}},
  INSTITUTION = uni-badhonnef # comma # org-infas,
  YEAR =        {2009},
  type =        rep-techrep,
  address =     bonn,
}

@TECHREPORT{SchneiderbauerEhrlich_TechRep_EUCommission_2004,
  AUTHOR =      Schneiderbauer  # and # Ehrlich,
  TITLE =       {Risk, hazard and people's vulnerability to natural hazards. A review of definitions, concepts and data},
  INSTITUTION = org-euc-jrc # comma # org-euc,
  YEAR =        {2004},
  TYPE =        rep-techrep,
  address =     zurich,
}

@TECHREPORT{SchoenfelderAxhausen_TechRep_IVT_2010,
  AUTHOR =      Schoenfelder # and # Axhausen,
  TITLE =       {Verkehrsverhalten und Projekte: Auswertung der UNIVOX-Befragung 2009},
  INSTITUTION = uni-ethz-ivt # comma # uni-ethz,
  YEAR =        {2010},
  type =        rep-wp,
  number =      {648},
  address =     zurich,
  url =         {http://www.ivt.ethz.ch/vpl/publications/reports/ab648.zip},
}

@TECHREPORT{SchoenfelderAxhausen_TechRep_IVT_2004,
  AUTHOR =      Schoenfelder # and # Axhausen,
  TITLE =       {Structure and Innovation of Human Activity Spaces},
  INSTITUTION = uni-ethz-ivt # comma # uni-ethz,
  YEAR =        {2004},
  type =        rep-wp,
  number =      {258},
  address =     zurich,
  url =         {http://www.ivt.ethz.ch/vpl/publications/reports/ab258.pdf},
}

@TECHREPORT{SchoenfelderAxhausen_TechRep_TSMS_2013,
  AUTHOR =      Schoenfelder # and # Axhausen,
  TITLE =       {{Univox 2009 -- Verkehrsverhalten und Projekte}},
  INSTITUTION = uni-ethz-ivt # comma # uni-ethz,
  YEAR =        {2013},
  type =        rep-tsms,
  number =      {38},
  address =     zurich,
  url =         {http://www.ivt.ethz.ch/vpl/publications/reports#909},
}

@techreport{SchoenfelderEtAl_TechRep_2002,
  author = Schoenfelder # and # Schlich # and #  Koenig # and # AschwandenA # and # KaufmannA # and # Horisberger # and # Axhausen,
  title = {{Mobidrive: Data format guide. Part B: Variables}},
  INSTITUTION = uni-ethz-ivt # comma # uni-ethz,
  year = 2002,
  address = zurich,
  month = aug,
  TYPE =        rep-techrep,
  number = {116b},
}

@TECHREPORT{SchrankEtAl_TechRep_TTI_2010,
  AUTHOR =      Schrank # and # LomaxT # and # Turner,
  TITLE =       {{TTI}'s 2010 {U}RBAN {M}OBILITY {R}EPORT},
  INSTITUTION = uni-texas-ti # comma # uni-texasAM,
  YEAR =        {2010},
  type =        rep-resrep,
  address =     texas,
  url =         {http://tti.tamu.edu/documents/ums/mobility_report_2010_wappx.pdf},
}


@TECHREPORT{Schuessler_TechRep_IVT_2011,
  AUTHOR =      Schuessler,
  TITLE =       {Capitalising Modern Data Sources for Observing and Modelling Travel Behaviour},
  INSTITUTION = uni-ethz-ivt # comma # uni-ethz,
  YEAR =        {2011},
  TYPE =        rep-wp,
  number =      {707},
  address =     zurich,
}

@TECHREPORT{SchuesslerAxhausen_TechRep_IVT_2008,
  AUTHOR =      Schuessler # and # Axhausen,
  TITLE =       {Processing {GPS} Raw Data Without Additional Information},
  INSTITUTION = uni-ethz-ivt # comma # uni-ethz,
  YEAR =        {2008},
  TYPE =        rep-wp,
  number =      {515},
  address =     zurich,
}

@TECHREPORT{SchuesslerAxhausen_TechRep_IVT_2009,
  AUTHOR =      Schuessler # and # Axhausen,
  TITLE =       {Map-matching of {GPS} traces on high-resolution navigation networks using the {Multiple Hypothesis Technique (MHT)}},
  INSTITUTION = uni-ethz-ivt # comma # uni-ethz,
  YEAR =        {2009},
  TYPE =        rep-wp,
  number =      {568},
  address =     zurich,
}

@TECHREPORT{SchuesslerAxhausen_TechRep_IVT_2010,
  AUTHOR =      Schuessler # and # Axhausen,
  TITLE =       {Development of Psychometric Scales to Evaluate the Attitude Towards Risk, Environmentalism and Variety Seeking of Public Transport Users},
  INSTITUTION = uni-ethz-ivt # comma # uni-ethz,
  YEAR =        {2011},
  TYPE =        rep-wp,
  number =      {644},
  address =     zurich,
}

@TECHREPORT{SchuesslerAxhausen_TechRep_IVT_2011,
  AUTHOR =      Schuessler # and # Axhausen,
  TITLE =       {Investigating the Influence of Environmentalism and Variety Seeking on Mode Choice},
  INSTITUTION = uni-ethz-ivt # comma # uni-ethz,
  YEAR =        {2011},
  TYPE =        rep-wp,
  number =      {706},
  address =     zurich,
}

@TECHREPORT{SchuesslerAxhausen_TechRep_IVT_forth,
  AUTHOR =      Schuessler # and # Axhausen,
  TITLE =       {Processing {GPS} Raw Data Without Additional Information},
  INSTITUTION = uni-ethz-ivt # comma # uni-ethz,
  YEAR =        forth,
  TYPE =        rep-wp,
  address =     zurich,
}

@TECHREPORT{SchuesslerEtAl_TechRep_IVT_2009,
  AUTHOR =      Schuessler # and # Balmer # and # Axhausen,
  TITLE =       {Route Choice Sets for Very High-Resolution Data},
  INSTITUTION = uni-ethz-ivt # comma # uni-ethz,
  YEAR =        {2009},
  TYPE =        rep-wp,
  number =      {567},
  address =     zurich,
}

@TECHREPORT{SchuijbroekEtAl_TechRep_CMU_2013,
  AUTHOR =      Schuijbroek # and # HampshireR # and # vanHoeve,
  TITLE =       {Inventory Rebalancing and Vehicle Routing in Bike Sharing Systems},
  INSTITUTION = uni-cmu-tsb # comma # uni-cmu,
  YEAR =        {2013},
  TYPE =        rep-wp,
  number =      {2-2013},
  address =     pittsburgh,
}

@TECHREPORT{ScroginEtAl_TechRep_UCF_2004,
  AUTHOR =      Scrogin # and # Hofler # and # BoyleK # and # Milon,
  TITLE =       {An Efficiency Approach to Choice Set Generation},
  INSTITUTION = {Department of Economics, University of Central Florida},
  YEAR =        {2004},
  TYPE =        rep-wp,
  url =         {},
}

@TECHREPORT{ShahM_TechRep_IVT_2010,
  AUTHOR =      ShahM,
  TITLE =       {Activity-based Travel Demand Modelling including Freight and Cross-border traffic with transit simulation},
  INSTITUTION = uni-ethz-ivt # comma # uni-ethz,
  YEAR =        {2010},
  TYPE =        rep-wp,
  number =      {654},
  address =     zurich,
  url =         {http://www.ivt.ethz.ch/vpl/publications/reports/ab654.pdf},
}

@TECHREPORT{SharmaAxhausen_TechRep_IVT_2009,
  AUTHOR =      Sharma # and # Axhausen,
  TITLE =       {Design Diagrams for Road Infrastructure Elements: High Capacity Roads},
  INSTITUTION = uni-ethz-ivt # comma # uni-ethz,
  YEAR =        {2009},
  TYPE =        rep-wp,
  number =      {560},
  address =     zurich,
}

@TECHREPORT{SimmaAxhausen_TechRep_IVT_2001,
  AUTHOR =      Simma # and # Axhausen,
  TITLE =       {Successive days, related travel behaviour?},
  INSTITUTION = uni-ethz-ivt # comma # uni-ethz,
  YEAR =        {2001},
  type =        rep-wp,
  number =      {62},
  address =     zurich,
}

@TECHREPORT{SimmaAxhausen_TechRep_IVT_2001_2,
  AUTHOR =      Simma # and # Axhausen,
  TITLE =       {Commitments and modal usage: An analysis of German and Dutch panels},
  INSTITUTION = uni-ethz-ivt # comma # uni-ethz,
  YEAR =        {2001},
  type =        rep-wp,
  number =      {98},
  address =     zurich,
}

@TECHREPORT{SimmaEtAl_TechRep_IVT_2002,
  AUTHOR =      Simma # and # Schlich # and # Axhausen,
  TITLE =       {Destination choice modelling for different leisure activities},
  INSTITUTION = uni-ethz-ivt # comma # uni-ethz,
  YEAR =        {2002},
  type =        rep-wp,
  number =      {99},
  address =     zurich,
  url =         {http://www.ivt.ethz.ch/vpl/publications/reports/ab99.pdf},
}

@TECHREPORT{SimmaEtAl_TechRep_IVT_2004,
  AUTHOR =      Simma # and # Cattaneo # and # Baumeler # and # Axhausen,
  TITLE =       {Factors influencing the individual shopping behaviour: The case of {S}witzerland},
  INSTITUTION = uni-ethz-ivt # comma # uni-ethz,
  YEAR =        {2004},
  type =        rep-wp,
  number =      {247},
  address =     zurich,
  url =         {http://www.ivt.ethz.ch/vpl/publications/reports/ab247.pdf},
}

@TECHREPORT{SimoniEtAl_TechRep_IVT_2014,
  AUTHOR =      Simoni # and # Pel # and # Waraich # and # Hoogendoorn,
  TITLE =       {Congestion Pricing Based on Dynamic Features of the Macroscopic Fundamental Diagram},
  INSTITUTION = uni-ethz-ivt # comma # uni-ethz,
  YEAR =        {2014},
  TYPE =        rep-wp-vpl,
  number =      {1000},
  address =     zurich,
  url =         {http://www.ivt.ethz.ch/vpl/publications/reports#1000},
}

@TECHREPORT{SimoniEtAl_TechRep_IVT_2015,
  AUTHOR =      Simoni # and # Pel # and # Waraich # and # Hoogendoorn,
  TITLE =       {Marginal cost congestion pricing based on the Network Fundamental Diagram},
  INSTITUTION = uni-ethz-ivt # comma # uni-ethz,
  YEAR =        {2015},
  TYPE =        rep-wp-vpl,
  number =      {1056},
  address =     zurich,
  url =         {http://www.ivt.ethz.ch/vpl/publications/reports#1056},
}

@TECHREPORT{Singhi_TechRep_IVT_2001,
  AUTHOR =      Singhi,
  TITLE =       {Analysis of Joint Trips Using {C++} in {M}obidrive},
  INSTITUTION = uni-ethz-ivt # comma # uni-ethz,
  YEAR =        {2001},
  type =        rep-wp,
  number =      {87},
  address =     zurich,
  url =         {http://www.ivt.ethz.ch/vpl/publications/reports/ab87.pdf},
}

@TECHREPORT{Sparmann_TechRep_1980,
  AUTHOR =      Sparmann # and # Leutzbach,
  TITLE =       {{ORIENT: Ein verhaltensorientiertes Simulationsmodell zur Verkehrsprognose}},
  INSTITUTION = uni-karlsruhe-ifv # comma # uni-karlsruhe,
  type =        rep-wp,
  number =      {20},
  YEAR =        {1980},
}

@TECHREPORT{SpeckmanEtAl_TechRep_NISS_1998,
  AUTHOR =      Speckman # and # Sun # and # VaughnK,
  TITLE =       {Synthesizing Activity-Travel Patterns: A Resampling Approach},
  INSTITUTION = {National Institute of Statistical Sciences (NISS), Research Triangle Park, NC},
  YEAR =        {1998},
  type =        rep-wp,
  number =      {1},
}

@TECHREPORT{SrinivasanEtAl_TechRep_2008_acc,
  AUTHOR =      Srinivasan # and # MaL # and # Yathindra,
  TITLE =       {Procedure for Forecasting Household Characteristics for Input to Travel-Demand Models},
  INSTITUTION = {Transportation Research Center, University of Florida},
  type =        rep-finalrep,
  number =      {TRC-FDOT-64011-2008},
  YEAR =        {2008},
  url =         {http://www.fsutmsonline.net/images/uploads/reports/FDOT_BD545_79_rpt.pdf},
  note =        {\url{http://www.fsutmsonline.net/images/uploads/reports/FDOT_BD545_79_rpt.pdf}, accessed on 29/03/2011},
}

@TECHREPORT{SrivastavaSchoenfelder_TechRep_IVT_2003,
  AUTHOR =      Srivastava # and # Schoenfelder,
  TITLE =       {On the Temporal Variation of Human Activity Spaces},
  INSTITUTION = uni-ethz-ivt # comma # uni-ethz,
  YEAR =        {2003},
  TYPE =        rep-wp,
  number =      {196},
  address =     zurich,
  url =         {http://www.ivt.ethz.ch/vpl/publications/reports/ab196.pdf},
}

@TECHREPORT{StahelAEtAl_TechRep_IVT_2013,
  AUTHOR =      StahelA # and # Ciari # and # Axhausen,
  TITLE =       {Modeling impacts of weather conditions in agent-based transport microsimulations},
  INSTITUTION = uni-ethz-ivt # comma # uni-ethz,
  YEAR =        {2013},
  TYPE =        rep-wp-vpl,
  number =      {927},
  address =     zurich,
  url =         {http://www.ivt.ethz.ch/vpl/publications/reports#927},
}


@TECHREPORT{StauffacherEtAl_TechRep_IVT_2005,
  AUTHOR =      Stauffacher # and # Schlich # and # Axhausen # and # Scholz,
  TITLE =       {The Diversity of Travel Behavior: Motives and Social Interactions in Leisure Time Activities},
  INSTITUTION = uni-ethz-ivt # comma # uni-ethz,
  YEAR =        {2005},
  type =        rep-wp,
  number =      {328},
  address =     zurich,
  url =         {http://www.ivt.ethz.ch/vpl/publications/reports/ab328.pdf},
}

@TECHREPORT{StreichertFUlmerH_JavaEvA_2005,
  author    = StreichertF # and # UlmerH,
  title     = {{JavaEvA} - A {Java} Framework for Evolutionary Algorithms},
  institution   = {Centre for Bioinformatics T{\"u}bingen, University of T{\"u}bingen},
  year      = {2005},
  type      = rep-techrep,
  number    = {WSI-2005-06},
  doi       = {urn:nbn:de:bsz:21-opus-17022},
  url       = {http://w210.ub.uni-tuebingen.de/dbt/volltexte/2005/1702/}
}

@TECHREPORT{StopherGreaves_TechRep_ITS_2010,
  AUTHOR =      Stopher # and # Greaves,
  TITLE =       {Missing and Inaccurate Information from Travel Surveys: Pilot Results},
  INSTITUTION = uni-syd-its # comma # uni-syd,
  YEAR =        {2010},
  TYPE =        rep-wp,
  number =      {ITS-WP-10-07},
  address =     sydney,
}

@TECHREPORT{Sun_TechRep_FCL_2012,
  AUTHOR =      Sun # and # LeeDH # and # Erath # and # HuangX,
  TITLE =       {Using Smart Card Data to Extract Passenger's Spatial-temporal Density and Train's Trajectory of MRT System},
  INSTITUTION = uni-ethz-fcl # comma # uni-ethz,
  YEAR =        {2012},
  TYPE =        rep-wp,
  address =     singapore,
}

@TECHREPORT{SunL_TechRep_IVT_2012,
  AUTHOR =      SunL # and # LeeDH # and # Erath # and # GangJin,
  TITLE =       {Designing a demand responsive timetable for {MRT} services},
  INSTITUTION = uni-ethz-ivt # comma # uni-ethz,
  YEAR =        {2012},
  TYPE =        rep-wp-vpl,
  number =	{795},
  address =     zurich,
}

@TECHREPORT{SunEtAl_TechRep_FCL_2014,
  AUTHOR =      SunL # and # JinJG # and # Axhausen # and # LeeDH # and # Cebrian,
  TITLE =       {Quantifying long-term evolution of intra-urban spatial interactions},
  INSTITUTION = uni-ethz-fcl # comma # sec,
  YEAR =        {2014},
  TYPE =        rep-wp,
  number =      {1008},
  address =     singapore,
  url =         {http://arxiv.org/abs/1407.0145},
}

@TECHREPORT{SunEtAl_TechRep_FCL_2013,
  AUTHOR =      SunL # and # Tirachini # and # Axhausen # and # Erath # and # LeeDH,
  TITLE =       {{Models of Bus Boarding/Alighting Dynamics and Dwell Time Variability}},
  INSTITUTION = uni-ethz-ivt # comma # uni-ethz,
  YEAR =        {2013},
  TYPE =        rep-wp-vpl,
  number =      {903},
  address =     zurich,
  url =         {http://www.ivt.ethz.ch/vpl/publications/reports#903},
}

@TECHREPORT{SunEtAl_TechRep_FCL_2013_2,
  AUTHOR =      SunL # and # JinJG # and # LeeDH # and # Axhausen,
  TITLE =       {Characterizing network travel time reliability and passenger route choice in metro systems},
  INSTITUTION = uni-ethz-ivt # comma # uni-ethz,
  YEAR =        {2013},
  TYPE =        rep-wp-vpl,
  number =      {916},
  address =     zurich,
  url =         {http://www.ivt.ethz.ch/vpl/publications/reports#916},
}

@TECHREPORT{SunEtAl_TechRep_FCL_2013_3,
  AUTHOR =      SunL # and # JinJG # and # LeeDH # and # Erath # and # Axhausen,
  TITLE =       {Demand-driven timetable designing for metro services},
  INSTITUTION = uni-ethz-ivt # comma # uni-ethz,
  YEAR =        {2013},
  TYPE =        rep-wp-vpl,
  number =      {917},
  address =     zurich,
  url =         {http://www.ivt.ethz.ch/vpl/publications/reports#917},
}

@TECHREPORT{SunEtAl_TechRep_FCL_2014_2,
  AUTHOR =      SunL # and # JinJG # and # LeeDH # and # Axhausen,
  TITLE =       {Characterizing Travel Time Reliability and Passenger Path Choice in a Metro Network},
  INSTITUTION = uni-ethz-ivt # comma # uni-ethz,
  YEAR =        {2014},
  TYPE =        rep-wp-vpl,
  number =      {916},
  address =     zurich,
  url =         {http://www.ivt.ethz.ch/vpl/publications/reports#916},
}

@TECHREPORT{SunEtAl_TechRep_IVT_2014,
  AUTHOR =      SunL # and # JinJG # and # LeeDH # and # Axhausen,
  TITLE =       {Characterizing multimodal transfer time using smart card data: the effect of time, passenger age, crowdedness and collective pressure},
  INSTITUTION = uni-ethz-ivt # comma # uni-ethz,
  YEAR =        {2014},
  TYPE =        rep-wp-vpl,
  number =      {1013},
  address =     zurich,
  url =         {http://www.ivt.ethz.ch/vpl/publications/reports#1013},
}

@TECHREPORT{SunLEtAl_TechRep_IVT_2015,
  AUTHOR =      SunL # and # Axhausen # and # LeeDH # and # Cebrian,
  TITLE =       {{Supplementary Information for ``Quantifying long-term evolution of intra-urban spatial interactions''}},
  INSTITUTION = uni-ethz-ivt # comma # uni-ethz,
  YEAR =        {2015},
  TYPE =        rep-wp-vpl,
  number =      {1117},
  address =     zurich,
  url =         {http://www.ivt.ethz.ch/vpl/publications/reports#1117},
}

@TECHREPORT{SwissOil_TechRep_IVT_2005,
  AUTHOR =      "org-swissoil",
  TITLE =       {{Erdöl - Preisbildung auf dem Ölmarkt}},
  INSTITUTION = org-swissoil,
  YEAR =        {2005},
  TYPE =        rep-techrep,
  address =     zurich,
  url =         {http://www.erdoel-vereinigung.ch/UserContent/Shop/EV%20-%20Preisbildung.pdf},
}

% T %%%%%%%%%%%%%%%%%%%%%%%%%%%%%%%%%%%%%%%%%%%%%%%%%%%%%%%%%%%%%%%%%%

@TECHREPORT{TaskerAxhausen_TechRep_uni-imp_1994,
  AUTHOR =      Tasker # and # Axhausen,
  TITLE =       {{DynaMIT}: A Travel Behaviour Simulation Using Satisficing Search Methods},
  INSTITUTION = uni-imp,
  YEAR =        {1994},
  TYPE =        rep-wp,
  address =     london,
}

@TECHREPORT{TFL_ResRep_2003,
  AUTHOR =      "org-tlf",
  TITLE =       {Central {London} Congestion Charging Scheme: Three Months On},
  INSTITUTION = org-tlf,
  YEAR =        {2003},
  TYPE =        rep-resrep,
  address =     london,
  url =         {www.tfl.gov.uk/tfl/pdfdocs/congestion_charging/cc-three-month-report.pdf},
}

@TECHREPORT{Thierstein_ResRep_2013,
  AUTHOR =      Thierstein # and # Foerster # and # Conventz # and # Erhard # and # Ottmann,
  TITLE =       {{Wohnungsnachfrage im Großraum München. Individuelle Präferenzen, verfügbares Angebot und räumliche Maßstabsebenen}},
  INSTITUTION = uni-tum-lre # comma # uni-tum,
  YEAR =        {2013},
  TYPE =        rep-resrep,
  address =     muenchen,
}

@TECHREPORT{TirachiniEtAl_TechRep_FCL_2013,
  AUTHOR =      Tirachini # and # SunL # and # Erath,
  TITLE =       {Valuation of sitting and standing in public transport using revealed preferences},
  INSTITUTION = uni-ethz-ivt # comma # uni-ethz,
  YEAR =        {2013},
  TYPE =        rep-wp-vpl,
  number =      {919},
  address =     zurich,
  url =         {http://www.ivt.ethz.ch/vpl/publications/reports#919},
}

@TECHREPORT{Titze_TechRep_VSP_2007,
  AUTHOR =      Titze,
  TITLE =       {{Entwicklung eines ÖV-Routingmoduls für Multiagentensimulationen}},
  INSTITUTION = uni-tub-vsp # comma # uni-tub,
  YEAR =        {2007},
  TYPE =        rep-termrep,
  address =     berlin,
}

@TECHREPORT{TrischlerKistler_DIW_2011,
  AUTHOR =      Trischler # and # Kistler,
  TITLE =       {{E}rwerbsverläufe und {A}lterseinkünfte im {P}aar- und {H}aushaltskontext},
  INSTITUTION = {DIW Berlin, The German Socio-Economic Panel (SOEP)},
  YEAR =        {2011},
  TYPE =        {SOEPpapers on Multidisciplinary Panel Data Research},
  number =      {429},
  address =     berlin,
}

% moved entry here. using alphabet seems to be a too-difficult undertaking for some of us
@TECHREPORT{TuLiP_IRES_2011,
  AUTHOR =      Tu # and # LiP,
  TITLE =       {Neighborhood Bonding Social Capital, Risk Aversion and Residential Relocation Choice},
  INSTITUTION = uni-nus-ires # comma # uni-nus,
  YEAR =        {2011},
  type =        rep-wp,
  number =      {IRES2011-019},
  address =     singapore,
  url =         {},
}

@TECHREPORT{ThelerAxhausen_TechRep_IVT_2013,
  AUTHOR =      Theler # and # Axhausen,
  TITLE =       {{When is a bus full? A study of perception}},
  INSTITUTION = uni-ethz-ivt # comma # uni-ethz,
  YEAR =        {2013},
  TYPE =        rep-wp-vpl,
  number =      {855},
  address =     zurich,
  url =         {http://www.ivt.ethz.ch/vpl/publications/reports#855},
}

@TECHREPORT{TransportCanada_1994,
	AUTHOR =  "org-tc",
	TITLE= {Guide to {B}enefit-{C}ost {A}nalysis in {T}ransport {C}anada},
	YEAR= 1994,
	INSTITUTION = {Economic Evaluation Branch} # comma # org-tc,
	address = ottawa,
	url = {http://www.tc.gc.ca/media/documents/corporate-services/bca.pdf},
}

% U %%%%%%%%%%%%%%%%%%%%%%%%%%%%%%%%%%%%%%%%%%%%%%%%%%%%%%%%%%%%%%%%%%

@TECHREPORT{UpadhyayEtAl_TechRep_IVT_2008,
  AUTHOR =      Upadhyay # and # Schuessler # and # Axhausen # and # Flamm # and # Kaufmann,
  TITLE =       {Optimal Parameter Values for Mode Detection in {GPS} Post-Processing: An Experiment},
  INSTITUTION = uni-ethz-ivt # comma # uni-ethz,
  YEAR =        {2008},
  TYPE =        rep-wp,
  number =      {506},
  address =     zurich,
}

@TECHREPORT{UN_Rep_UN_2013,
  AUTHOR =      {{UN}},
  TITLE =       {World Population Prospects: The 2012 Revision; Highlights and Advance Tables},
  INSTITUTION = org-un,
  YEAR =        {2013},
  TYPE =        rep-techrep,
  number =      {ESA/P/WP.228},
  address =     newyork,
}

@TECHREPORT{UN_Rep_UN_2009,
  AUTHOR =      {{UN}},
  TITLE =       {Planning Sustainable Cities},
  INSTITUTION = org-un,
  YEAR =        {2009},
  TYPE =        rep-techrep,
  address =     london,
  url =         {www.unhabitat.org},
}

@TECHREPORT{UNFPA_TechRep_UNFPA_2007,
  AUTHOR =      {{UN}},
  TITLE =       {State of the World Population 2007 - Unleashing the Potential of Urban Growth},
  INSTITUTION = org-unfpa,
  YEAR =        {2007},
  TYPE =        rep-techrep,
  address =     newyork,
  url =         {http://www.unfpa.org/swp/2007/presskit/pdf/sowp2007_eng.pdf},
}

@TECHREPORT{UNFCC_TechRep_UNFCC_2008,
  AUTHOR =      {{UNFCC}},
  TITLE =       {National Greenhouse Gas Inventory Data for the Period 1990-2006},
  INSTITUTION = org-unfcc,
  YEAR =        {2008},
  TYPE =        rep-techrep,
  number =      {FCCC/SBI/2008/12},
  address =     poznan,
}

@TECHREPORT{URA_Rep_URA_2008,
  AUTHOR =      {{URA}},
  TITLE =       {The planning act Masterplan written statement},
  INSTITUTION = org-ura,
  YEAR =        {2008},
  TYPE =        rep-techrep,
  address =     Singapore,
  url =         {http://www.ura.gov.sg/MP2008/intro.htm},
}

% V %%%%%%%%%%%%%%%%%%%%%%%%%%%%%%%%%%%%%%%%%%%%%%%%%%%%%%%%%%%%%%%%%%

@TECHREPORT{WillekePaulussen_IFV_1991,
	AUTHOR =  Willeke # and # Paulussen,
	TITLE= {{Berücksichtigung projektbedingter Ersparnisse an Reisezeit im nicht-gewerblichen Personenverkehr bei der Planung von Verkehrswegen des Bundes}},
	YEAR= 1991,
	ADDRESS=  koeln,
	INSTITUTION=  uni-koeln # comma # uni-koeln-ifv,
	TYPE= rep-wp,


}

@TECHREPORT{vanEggermondEtAl_TechRep_IVT_2007,
  AUTHOR =      vanEggermond # and # Schuessler # and # Axhausen,
  TITLE =       {Accounting for Similarities in Air Transport Route Choice},
  INSTITUTION = uni-ethz-ivt # comma # uni-ethz,
  YEAR =        {2007},
  TYPE =        rep-wp,
  number =      {496},
  address =     zurich,
}

@TECHREPORT{vanEggermondTechRep_IVT_2013,
  AUTHOR =      vanEggermond,
  TITLE =       {Pedestrian and transit accessibility on a micro-level: results and challenges},
  INSTITUTION = uni-ethz-fcl # comma # sec,
  YEAR =        {2013},
  TYPE =        rep-wp-vpl,
  number =      {961},
  address =     singapore,
}

@TECHREPORT{vanEggermondEtAl_TechRep_IVT_2015,
  AUTHOR =      vanEggermond # and # and # Erath # and # Axhausen,
  TITLE =       {Vehicle ownership and usage in {S}witzerland: the role of micro and macro-accessibility},
  INSTITUTION = uni-ethz-ivt # comma # uni-ethz,
  YEAR =        {2015},
  TYPE =        rep-wp-vpl,
  number =      {1093},
  address =     zurich,
}

@TECHREPORT{VazeEtAl_TechRep_IVT_2005,
  AUTHOR =      Vaze # and # Schoenfelder # and # Axhausen,
  TITLE =       {Continuous Space Representations of Human Activity Spaces},
  INSTITUTION = uni-ethz-ivt # comma # uni-ethz,
  YEAR =        {2005},
  type =        rep-wp,
  number =      {295},
  address =     zurich,
  url =         {http://www.ivt.ethz.ch/vpl/publications/reports/ab295.pdf},
}

@TECHREPORT{VitinsAxhausen_TechRep_IVT_2012,
  AUTHOR =      Vitins # and # Axhausen,
  TITLE =       {Road and Intersection Typology for Urban Simulations},
  INSTITUTION = uni-ethz-ivt # comma # uni-ethz,
  YEAR =        {2012},
  TYPE =        rep-wp-vpl,
  number =      {797},
  address =     zurich,
}

@TECHREPORT{VitinsEtAl_TechRep_IVT_2012,
  AUTHOR =      Vitins # and # GarciaDorado # and # Vanegas # and # Aliaga # and # Axhausen,
  TITLE =       {Evaluation of Shape Grammar Rules for Urban Transport Network Design},
  INSTITUTION = uni-ethz-ivt # comma # uni-ethz,
  YEAR =        {2012},
  TYPE =        rep-wp-vpl,
  number =      {792},
  address =     zurich,
}

@TECHREPORT{VitinsEtAl_TechRep_IVT_2015,
  AUTHOR =      Vitins # and # Erath # and # Axhausen,
  TITLE =       {{Integration of a Capacity Constrained Workplace Choice Model: Recent Developments and Applications for an Agent-Based Simulation in Singapore}},
  INSTITUTION = uni-ethz-ivt # comma # uni-ethz,
  YEAR =        {2015},
  TYPE =        rep-wp-vpl,
  number =      {1106},
  address =     zurich,
  url =         {http://www.ivt.ethz.ch/vpl/publications/reports#1106},
}

@TECHREPORT{Vogt_TechRep_IfMath_2001,
  AUTHOR =      Vogt,
  TITLE =       {{Zur Numerik nichtlinearer Gleichungssysteme (Teil 1)}},
  INSTITUTION = {IfMath, TU Ilmenau},
  YEAR =        {2001},
  TYPE =        rep-wp,
  number =      {Preprint No. M 12/01},
  address =     {Ilmenau},
}

@TECHREPORT{VSS_Norm_640039_1994,
  AUTHOR =      {{VSS}},
  TITLE =       {{Projektierung, Grundlagen - Einführung in die Normen über die Projektierung der Linienführung}},
  INSTITUTION = org-vss,
  YEAR =        {1994},
  TYPE =        rep-norm,
  number =      {SN~640~039},
  address =     zurich,
}

@TECHREPORT{VSS_Norm_640016A_1999,
  AUTHOR =      {{VSS}},
  TITLE =       {{Massgebender Verkehr}},
  INSTITUTION = org-vss,
  YEAR =        {1999},
  TYPE =        rep-norm,
  number =      {SN~640~016A},
  address =     zurich,
}

@TECHREPORT{VSS_Norm_640005b_2010,
  AUTHOR =      {{VSS}},
  TITLE =       {{Ganglinientypen und durchschnittlicher werktäglicher Verkehr}},
  INSTITUTION = org-vss,
  YEAR =        {2010},
  TYPE =        rep-norm,
  number =      {SN~640~005B},
  address =     zurich,
}


@TECHREPORT{VSS_Norm_641820_2006,
  AUTHOR =      {{VSS}},
  TITLE =       {{Kosten-Nutzen-Analysen im Strassenverkehr; Grundnorm}},
  INSTITUTION = org-vss,
  YEAR =        {2006},
  TYPE =        rep-norm,
  number =      {SN~641~820},
  address =     zurich,
}

@TECHREPORT{VSS_Norm_641825_2014,
  AUTHOR =      {{VSS}},
  TITLE =       {{Generalisierte Kosten aus Fahrzeit und Zuverlässigkeit}},
  INSTITUTION = org-vss,
  YEAR =        {2014},
  TYPE =        rep-norm,
  number =      {SN~641~825},
  address =     zurich,
}

@TECHREPORT{VSS_Norm_640040b_1992,
  AUTHOR =      {{VSS}},
  TITLE =       {{Projektierung, Grundlagen - Strassentypen}},
  INSTITUTION = org-vss,
  YEAR =        {1992},
  TYPE =        rep-norm,
  number =      {SN~640~040b},
  address =     zurich,
}

@TECHREPORT{VSS_Norm_640041_1992,
  AUTHOR =      {{VSS}},
  TITLE =       {{Projektierung, Grundlagen - Strassentyp: Hochleistungsstrassen}},
  INSTITUTION = org-vss,
  YEAR =        {1992},
  TYPE =        rep-norm,
  number =      {SN~640~041},
  address =     zurich,
}

@TECHREPORT{VSS_Norm_640042_1992,
  AUTHOR =      {{VSS}},
  TITLE =       {{Projektierung, Grundlagen - Strassentyp: Hauptverkehrsstrassen}},
  INSTITUTION = org-vss,
  YEAR =        {1992},
  TYPE =        rep-norm,
  number =      {SN~640~042},
  address =     zurich,
}

@TECHREPORT{VSS_Norm_640043_1992,
  AUTHOR =      {{VSS}},
  TITLE =       {{Projektierung, Grundlagen - Strassentyp: Verbindungsstrassen}},
  INSTITUTION = org-vss,
  YEAR =        {1992},
  TYPE =        rep-norm,
  number =      {SN~640~043},
  address =     zurich,
}

@TECHREPORT{VSS_Norm_640044_1992,
  AUTHOR =      {{VSS}},
  TITLE =       {{Projektierung, Grundlagen - Strassentyp: Sammelstrassen}},
  INSTITUTION = org-vss,
  YEAR =        {1992},
  TYPE =        rep-norm,
  number =      {SN~640~044},
  address =     zurich,
}

@TECHREPORT{VSS_Norm_640045_1992,
  AUTHOR =      {{VSS}},
  TITLE =       {{Projektierung, Grundlagen - Strassentyp: Erschliessungsstrassen}},
  INSTITUTION = org-vss,
  YEAR =        {1992},
  TYPE =        rep-norm,
  number =      {SN~640~045},
  address =     zurich,
}

@TECHREPORT{VSS_Norm_KNA640040b_1994,
  AUTHOR =      {{VSS}},
  TITLE =       {{Projektierung, Grundlangen}},
  INSTITUTION = org-vss,
  YEAR =        {1994},
  TYPE =        rep-norm,
  number =      {SN~640~040b},
  address =     zurich,
}

@TECHREPORT{VSS_Norm_640080_1994,
  AUTHOR =      {{VSS}},
  TITLE =       {{Geschwindigkeit als Projektierungselement}},
  INSTITUTION = org-vss,
  YEAR =        {1994},
  TYPE =        rep-norm,
  number =      {SN~640~080},
  address =     zurich,
}

@TECHREPORT{VSS_Norm_KNA641821_2006,
  AUTHOR =      {{VSS}},
  TITLE =       {{Diskontsatz in Kosten- Nutzen- Analysen im Verkehr}},
  INSTITUTION = org-vss,
  YEAR =        {2006},
  TYPE =        rep-norm,
  number =      {SN~641~821},
  address =     zurich,
}

@TECHREPORT{VSS_Norm_KNA641826_2008,
  AUTHOR =      {{VSS}},
  TITLE =       {{Kosten-Nutzen-Analysen im Strassenverkehr: Kosten des betrieblichen Unterhalts von Strassen}},
  INSTITUTION = org-vss,
  YEAR =        {2008},
  TYPE =        rep-norm,
  number =      {SN~641~826},
  address =     zurich,
}

@TECHREPORT{VSS_Norm_KNA641826_2009,
  AUTHOR =      {{VSS}},
  TITLE =       {{Kosten-Nutzen-Analysen im Strassenverkehr: Bewertung und Abschätzung der Zuverlässigkeit im Verkehr}},
  INSTITUTION = org-vss,
  YEAR =        {2009},
  TYPE =        rep-norm,
  number =      {SN~641~826},
  address =     zurich,
}

@TECHREPORT{VSS_Norm_KNA6418227_2009,
  AUTHOR =      {{VSS}},
  TITLE =       {{Kosten-Nutzen-Analysen im Strassenverkehr; Betriebskosten von Strassenfahrzeugen}},
  INSTITUTION = org-vss,
  YEAR =        {2009},
  TYPE =        rep-norm,
  number =      {SN~641~827},
  address =     zurich,
}

@TECHREPORT{VSS_Norm_KNA641822a_2009,
  AUTHOR =      {{VSS}},
  TITLE =       {{Kosten-Nutzen-Analysen (KNA) bei Massnahmen im Strassenverkehr: Zeitkosten im Personenverkehr}},
  INSTITUTION = org-vss,
  YEAR =        {2009},
  TYPE =        rep-norm,
  number =      {SN~641~822a},
  address =     zurich,
}

@TECHREPORT{VSS_Norm_640202_1992,
  AUTHOR =      {{VSS}},
  TITLE =       {{Geometrisches Normalprofil - Erarbeitung}},
  INSTITUTION = org-vss,
  YEAR =        {1992},
  TYPE =        rep-norm,
  number =      {SN~640~202},
  address =     zurich,
}

@TECHREPORT{VSS_Norm_KNA6418220_2006,
  AUTHOR =      {{VSS}},
  TITLE =       {{Kosten-Nutzen-Analysen (KNA) bei Massnahmen im Strassenverkehr}},
  INSTITUTION = org-vss,
  YEAR =        {2006},
  TYPE =        rep-norm,
  number =      {SN~641~820},
  address =     zurich,
}

@TECHREPORT{VSS_Norm_KNA641822_2005,
  AUTHOR =      {{VSS}},
  TITLE =       {{Kosten-Nutzen-Analysen (KNA) bei Massnahmen im Strassenverkehr}},
  INSTITUTION = org-vss,
  YEAR =        {2005},
  TYPE =        rep-norm,
  number =      {SN~641~822},
  address =     zurich,
}

@TECHREPORT{VSS_Norm_KNA641822a_forth,
  AUTHOR =      {{VSS}},
  TITLE =       {{Kosten-Nutzen-Analysen (KNA) bei Massnahmen im Strassenverkehr}},
  INSTITUTION = org-vss,
  YEAR =        forth,
  TYPE =        rep-norm,
  number =      {SN~641~822a},
  address =     zurich,
}

@TECHREPORT{VSS_Norm_KNA641824_2010,
  AUTHOR =      {{VSS}},
  TITLE =       {{Kosten-Nutzen-Analysen im Strassenverkehr: Unfallraten und Unfallkostensätze}},
  INSTITUTION = org-vss,
  YEAR =        2010,
  TYPE =        rep-norm,
  number =      {SN~641~824},
  address =     zurich,
}

@TECHREPORT{VSS_Norm_KNA641827_forth,
  AUTHOR =      {{VSS}},
  TITLE =       {{Betriebs- und Unterhaltskosten von Strassenfahrzeugen}},
  INSTITUTION = org-vss,
  YEAR =        forth,
  TYPE =        rep-norm,
  number =      {SN~641~827},
  address =     zurich,
}

@TECHREPORT{VSS_Norm_KNA641828_2006,
  AUTHOR =      {{VSS}},
  TITLE =       {{Kosten-Nutzen-Analysen im Strassenverkehr: Externe Kosten}},
  INSTITUTION = org-vss,
  YEAR =        2006,
  TYPE =        rep-norm,
  number =      {SN~641~828},
  address =     zurich,
}

% W %%%%%%%%%%%%%%%%%%%%%%%%%%%%%%%%%%%%%%%%%%%%%%%%%%%%%%%%%%%%%%%%%%

@TECHREPORT{WaraichEtAl_TechRep_IVT_2012,
  AUTHOR =      Waraich # and # Dobler # and # Weis # and # Axhausen,
  TITLE =       {Optimizing parking prices using an agent based approach},
  INSTITUTION = uni-ethz-ivt # comma # uni-ethz,
  YEAR =        {2012},
  TYPE =        rep-wp-vpl,
  number =      {794},
  address =     zurich,
  url =         {http://dx.doi.org/10.3929/ethz-a-007340031},
}

@TECHREPORT{WaraichAxhausen_TechRep_IVT_2012,
  AUTHOR =      Waraich # and # Axhausen,
  TITLE =       {An Agent-Based Parking Choice Model},
  INSTITUTION = uni-ethz-ivt # comma # uni-ethz,
  YEAR =        {2012},
  TYPE =        rep-wp-vpl,
  number =      {696},
  address =     zurich,
  month =       aug,
  url =         {http://dx.doi.org/10.3929/ethz-a-006567764},
}

@TECHREPORT{WaraichEtAl_TechRep_IVT_2013,
  AUTHOR =      Waraich # and # Georges # and # Galus # and # Axhausen,
  TITLE =       {{Adding Electric Vehicle Modeling Capability to an Agent-based Transport Simulation}},
  INSTITUTION = uni-ethz-ivt # comma # uni-ethz,
  YEAR =        {2013},
  TYPE =        rep-wp-vpl,
  number =      {879},
  address =     zurich,
  url =         {www.ivt.ethz.ch/ivt/vpl/publications/reports#879},
}

@TECHREPORT{WaraichEtAl_TechRep_IVT_2013_2,
  AUTHOR =      Waraich # and # Dobler # and # Axhausen,
  TITLE =       {A Parking Search Strategy Equilibrium Model},
  INSTITUTION = uni-ethz-ivt # comma # uni-ethz,
  YEAR =        {2013},
  TYPE =        rep-wp-vpl,
  number =      {914},
  address =     zurich,
  url =         {www.ivt.ethz.ch/ivt/vpl/publications/reports#914},
}


@TECHREPORT{WaraichEtAl_TechRep_IVT_2009,
  AUTHOR =      Waraich # and # Charypar # and # Balmer # and # Axhausen,
  TITLE =       {Performance Improvements for Large Scale Traffic Simulation in {MATSim}},
  INSTITUTION = uni-ethz-ivt # comma # uni-ethz,
  YEAR =        {2009},
  TYPE =        rep-wp,
  number =      {565},
  address =     zurich,
  month =       aug,
  url =         {http://www.ivt.ethz.ch/vpl/publications/reports/ab565.pdf},
}

@TECHREPORT{WardmanHine_TechRep_ITS_2000,
  AUTHOR =      Wardman # and # Hine,
  TITLE =       {Costs of Interchange: A Review of the Literature},
  INSTITUTION = uni-leeds-its # comma # uni-leeds,
  YEAR =        {2000},
  TYPE =        rep-wp,
  number =      {546},
}

@TECHREPORT{WegmannEverett_TechRep_CTRUT_2008,
  AUTHOR =      Wegmann # and # EverettJ,
  TITLE =       {Minimum Travel Demand Model Calibration and Validation Guidelines for State of {T}ennessee},
  INSTITUTION = {{Center for Transportation Research, University of Tennessee}},
  YEAR =        {2008},
  TYPE =        rep-techrep,
  address =     {{Knowxville, Tennessee}},
  url =         {http://web.utk.edu/~tnmug08/misc/valid.pdf},
}

@TECHREPORT{Weidmann_TechRep_IVT_1992,
  AUTHOR =      Weidmann,
  TITLE =       {{T}ransporttechnik der {F}ussgänger - {T}ransporttechnische {E}igenschaften des {F}ussgängerverkehrs, {L}iteraturauswertung},
  INSTITUTION = uni-ethz-ivt # comma # uni-ethz,
  YEAR =        {1992},
  TYPE =        rep-schriftenreihe,
  number =      {90},
  address =     zurich,
}

@TECHREPORT{WeidmannEtAl_TechRep_IVT_2006,
  AUTHOR =      Weidmann # and # Buchmueller # and # Rieder # and # Nash # and # Erath # and # Carell,
  TITLE =       {{Europäische Marktstudie für das System Swissmetro}},
  INSTITUTION = uni-ethz-ivt # comma # uni-ethz,
  YEAR =        {2006},
  TYPE =        rep-schriftenreihe,
  number =      {134},
  address =     zurich,
}

@TECHREPORT{WeisAxhausen_TechRep_TSMS_2013_SBB,
  AUTHOR =      Weis # and # Axhausen,
  TITLE =       {{SBB-Studie: Benzinpreis und Bahnnutzung}},
  INSTITUTION = uni-ethz-ivt # comma # uni-ethz,
  YEAR =        {2013},
  TYPE =        rep-tsms,
  number =      {39},
  address =     zurich,
  url =         {http://www.ivt.ethz.ch/vpl/publications/reports#893},
}

@TECHREPORT{WeisAxhausen_TechRep_TSMS_2013_SVI,
  AUTHOR =      Weis # and # Axhausen,
  TITLE =       {{SVI Neuverkehr -- Aktivitätenorientierte Analyse des Neuverkehrs}},
  INSTITUTION = uni-ethz-ivt # comma # uni-ethz,
  YEAR =        {2013},
  TYPE =        rep-tsms,
  number =      {40},
  address =     zurich,
  url =         {http://www.ivt.ethz.ch/vpl/publications/reports#894},
}

@TECHREPORT{WeisEtAl_TechRep_IVT_2009,
  AUTHOR =      Weis # and # Axhausen # and # Schlich # and # Zbinden,
  TITLE =       {Models of Mode Choice and Mobility Tool Ownership Beyond 2008 Fuel Prices},
  INSTITUTION = uni-ethz-ivt # comma # uni-ethz,
  YEAR =        {2009},
  TYPE =        rep-wp,
  number =      {566},
  address =     zurich,
}

@TECHREPORT{WeisEtAl_TechRep_IVT_2010,
  AUTHOR =      Weis # and # Dobler # and # Axhausen,
  TITLE =       {An Interactive Stated Adaptation Survey of Activity Scheduling Decisions},
  INSTITUTION = uni-ethz-ivt # comma # uni-ethz,
  YEAR =        {2010},
  TYPE =        rep-wp,
  number =      {637},
  address =     zurich,
}

@TECHREPORT{WeisEtAl_TechRep_IVT_2011,
  AUTHOR =      Weis # and # Vrtic # and # Widmer # and # Axhausen,
  TITLE =       {Influence of Parking on Location and Mode Choice: A Stated Choice Survey},
  INSTITUTION = uni-ethz-ivt # comma # uni-ethz,
  YEAR =        {2011},
  TYPE =        rep-wp,
  number =      {684},
  address =     zurich,
}

@TECHREPORT{WeisEtAl_TechRep_TSMS_2013,
  AUTHOR =      Weis # and # Vrtic # and # WidmerP # and # Axhausen,
  TITLE =       {{Influence of Parking on Location and Mode Choice: A Stated Choice Survey}},
  INSTITUTION = uni-ethz-ivt # comma # uni-ethz,
  YEAR =        {2013},
  TYPE =        rep-tsms,
  number =      {41},
  address =     zurich,
  url =         {http://www.ivt.ethz.ch/vpl/publications/reports#895},
}

@TECHREPORT{WhiteheadEtAl_TechRep_IVT_2009,
  AUTHOR =      Whitehead # and # Peters # and # Axhausen,
  TITLE =       {Socio-Demographic and Attitudinal Factors Influencing Vehicle Choice and Energy Consumption},
  INSTITUTION = uni-ethz-ivt # comma # uni-ethz,
  YEAR =        {2009},
  type =        rep-wp,
  number =      {xxx},
  address =     zurich,
}

@TECHREPORT{WidmerMeister_TechRep_IVT_2005,
  AUTHOR =      Widmer # and # Meister,
  TITLE =       {{Ausgewählte Zeitreihen zur Schweizer Verkehrsentwicklung}},
  INSTITUTION = uni-ethz-ivt # comma # uni-ethz,
  YEAR =        {2005},
  type =        rep-lecture,
  number =      {2},
  address =     zurich,
  url =         {http://www.ivt.ethz.ch/education/verkehrsplanung/Materialien002.2005.pdf},
}

@TECHREPORT{WidmerAxhausen_TechRep_SVI_2001,
  AUTHOR =      WidmerP # and # Axhausen,
  TITLE =       {{Aktivitäten-orientierte Personenverkehrsmodelle: Vorstudie}},
  INSTITUTION = org-svi,
  YEAR =        {2001},
  TYPE =        rep-techrep,
  address =     zurich,
  month =       jan,
}

@TECHREPORT{Widmer_TechRep_IVT_2002,
  AUTHOR =      Widmer,
  TITLE =       {Accessibility by air passenger transport related to Switerland},
  INSTITUTION = uni-ethz-ivt,
  YEAR =        {2002},
  type =        rep-techrep,
  number =      {112},
  address =     zurich,
  url =         {},
}

@TECHREPORT{Wolff_TechRep_Weimar_2004,
  title={A local and globalized, constrained and simple bounded Nelder-Mead method},
  author=Wolff,
  year={2004},
  institution={Bauhaus-Universit{\"a}t Weimar}
  TYPE =        rep-techrep,

}

% X %%%%%%%%%%%%%%%%%%%%%%%%%%%%%%%%%%%%%%%%%%%%%%%%%%%%%%%%%%%%%%%%%%

% Y %%%%%%%%%%%%%%%%%%%%%%%%%%%%%%%%%%%%%%%%%%%%%%%%%%%%%%%%%%%%%%%%%%

@TECHREPORT{YangEtAl_TechRep_IVT_2014,
  AUTHOR =      YangW # and # ZhangLQQ # and # Ciari # and # Axhausen,
  TITLE =       {An Adaptive Three-stage Fuzzy Controller for Signalized Intersections Using Golden Ratio based Genetic Algorithm: A Comprehensive Study},
  INSTITUTION = uni-ethz-ivt # comma # uni-ethz,
  YEAR =        {2014},
  TYPE =        rep-wp-vpl,
  number =      {1026},
  address =     zurich,
  url =         {http://www.ivt.ethz.ch/vpl/publications/reports#1026},
}

% Z %%%%%%%%%%%%%%%%%%%%%%%%%%%%%%%%%%%%%%%%%%%%%%%%%%%%%%%%%%%%%%%%%%

@TECHREPORT{ZhengEtAl_TechRep_IVT_2012,
  AUTHOR =      ZhengN # and # Waraich # and # Geroliminis # and # Axhausen,
  TITLE =       {{A} dynamic cordon pricing scheme combining a macroscopic and an agent-based traffic models},
  INSTITUTION = uni-ethz-ivt # comma # uni-ethz,
  YEAR =        {2012},
  TYPE =        rep-wp,
  number =      {693},
  address =     zurich,
  url =         {http://www.ivt.ethz.ch/vpl/publications/reports/ab693.pdf},
}

@TECHREPORT{ZilskeEtAl_TechRep_VSP_2012,
  AUTHOR =      Zilske # and # Schroeder # and # Nagel # and # Liedtke,
  TITLE =       {Adding Freight Traffc to MATSim},
  INSTITUTION = uni-tub-vsp # comma # uni-tub,
  YEAR =        {2012},
  TYPE =        rep-wp,
  number =      {12--02},
  address =     berlin,
  url =         {http://svn.vsp.tu-berlin.de/repos/public-svn/publications/vspwp/2012/12-02/},
}

@TECHREPORT{ZoelligAxhausen_TechRep_IVT_2010,
  AUTHOR =      Zoellig # and # Axhausen,
  TITLE =       {Calculating benefits of infrastructural investment},
  INSTITUTION = uni-ethz-ivt # comma # uni-ethz,
  YEAR =        {2010},
  TYPE =        rep-wp,
  number =      {612},
  address =     zurich,
  url =         {http://www.ivt.ethz.ch/vpl/publications/reports/ab612.pdf},
}

@TECHREPORT{ZoelligAxhausen_TechRep_IVT_2011,
  AUTHOR =      Zoellig # and # Axhausen,
  TITLE =       {How to model the gains from infrastructure investment?},
  INSTITUTION = uni-ethz-ivt # comma # uni-ethz,
  YEAR =        {2011},
  TYPE =        rep-wp,
  number =      {673},
  address =     zurich,
}

@TECHREPORT{ZoelligAxhausen_TechRep_IVT_2012,
  AUTHOR =      ZoelligRenner # and # Axhausen,
  TITLE =       {Comparing Estimation Results of Land Use Development Models Using Different Data Bases Available in {S}witzerland},
  INSTITUTION = uni-ethz-ivt # comma # uni-ethz,
  YEAR =        {2012},
  TYPE =        rep-wp-vpl,
  number =      {796},
  address =     zurich,
  url =         {http://www.ivt.ethz.ch/vpl/publications/reports#796},
}

@TECHREPORT{ZoelligAxhausen_TechRep_SCSI_2013,
  AUTHOR =      Zoellig # and # Axhausen,
  TITLE =       {{European Policy brief: Case studies in Paris, Zurich and Brussels}},
  INSTITUTION = uni-ethz-ivt # comma # uni-ethz,
  YEAR =        {2013},
  TYPE =        rep-deliv,
  number =      {7.3},
  address =     zurich,
  url =         {http://www.ivt.ethz.ch/vpl/publications/reports#942},
}


@TECHREPORT{ZumkellerEtAl_TechRep_IFV_2005,
  AUTHOR =      Zumkeller # and # Manz # and # Last # and # Chlond,
  TITLE =       {{Die intermodale Vernetzung von Personenverkehrsmitteln unter Berücksichtigung der Nutzerbedürfnisse (INVERMO)}},
  INSTITUTION = uni-karlsruhe-ifv # comma # uni-karlsruhe # comma # org-bmbf,
  YEAR =        {2005},
  TYPE =        rep-finalrep,
  address =     karlsruhe,
  url =         {http://verkehrspanel.ifv.uni-karlsruhe.de/download/INVERMO_Abschluss_Praesentationen/INVERMO_Schlussbericht.pdf},
}


@TECHREPORT{ZhuSEtAl_TechRep_UMN_2010,
  AUTHOR =      ZhuS # and # Tilahun # and # Levinson # and # He,
  TITLE =       {Planned Versus Unplanned: Travel Impacts and Adjustment Strategies of the Collapse and the Reopening of {I-35W} Bridge},
  INSTITUTION = uni-min-nexus # comma # uni-min,
  YEAR =        {2010},
  TYPE =        rep-wp,
  address =     minneapolis,
  url =         {http://nexus.umn.edu/Papers/I-35W-TRB2010-Surveys.pdf},
}

%%%%%%%%%%%%%%%%%%%%%%%%%%%%%%%%%%%%%%%%%%%%%%%%%%%%%%%%%%%%%%%%%%%%%%
% - special chars: äöüèéàß
% EOF
%%%%%%%%%%%%%%%%%%%%%%%%%%%%%%%%%%%%%%%%%%%%%%%%%%%%%%%%%%%%%%%%%%%%%%
